3650 5642
461 607 516 665 XX

461 763 586 834 concipit:
607 763 737 826 Adduxit,
752 762 852 832 inquit,
867 781 913 815 rer
929 763 1092 832 Assyriorum
1107 765 1176 814 airon
1192 763 1222 814 dc
1238 759 1379 828 Babylone,
1396 761 1466 812 etde
1480 755 1599 820 (balmen

462 849 600 912 deliaca,
616 851 686 901 etde
703 848 904 914 Ematb,‚eldc
920 848 1098 918 sepharvaim.
1128 846 1226 900 Graece
1241 847 1290 899 ita:
1314 839 1597 910 ibreicensem
1619 827 1620 846 ¹

460 932 560 1000 'Anudv,
576 933 617 985 nai
632 931 681 985 ἀπὸ
693 930 785 1002 alpad,
802 933 843 985 nai
858 931 907 984 dne
921 932 1103 1004 Σεμφαρουαίμ.
1134 931 1206 996 Quor
1222 932 1255 984 ad
1266 929 1411 986 Ohuthaeoa
1428 927 1599 993 arduennae
1619 945 1620 984 ζ

459 1019 527 1090 pbus
544 1021 562 1071 l
578 1037 614 1072 11.
632 1017 757 1089 Ἀρχαιολ
780 1035 803 1071 c.
819 1036 877 1083 arv,
904 1035 922 1071 a
937 1017 1038 1072 Cbutha
1054 1017 1165 1072 Persidis
1186 1019 1292 1088 regione
1317 1022 1343 1070 et
1361 1015 1514 1086 cognomine
1533 1011 1599 1065 fluuio
1619 1071 1620 1086 χ

460 1105 609 1158 nominatos
620 1105 742 1158 affirmat.
768 1105 834 1157 Vide
844 1105 929 1157 Etiam
940 1101 1097 1171 Thisbitem,
1108 1104 1234 1158 vocabulo
1246 1109 1317 1163 nt).
1339 1101 1378 1154 Ab
1387 1101 1419 1154 iia
1428 1099 1505 1164 nihil,
1516 1099 1600 1168 opinor,
1619 1145 1620 1156 ,

459 1189 606 1260 discrepant
617 1190 747 1261 Konision,
763 1191 825 1243 licet
835 1189 995 1260 Epiphanius
1007 1195 1136 1253 secernat,
1154 1189 1204 1242 uisi
1216 1189 1273 1258 quis
1285 1185 1428 1256 btpaisiom
1440 1187 1496 1239 eius
1507 1185 1560 1238 loco
1570 1199 1600 1234 re·
1619 1229 1620 1252 ,

458 1276 609 1345 ponendum
620 1282 731 1328 censeat
752 1275 820 1329 Nam
830 1293 877 1346 pro
889 1274 1099 1345 Ἀναγωγαναίους
1111 1274 1221 1328 fortasse
1233 1271 1387 1332 Ἀουαναίους
1398 1271 1491 1324 melius
1503 1270 1555 1332 erit,
1564 1284 1601 1336 pro
1619 1271 1620 1330 ζ

458 1361 583 1425 llameis3
594 1378 655 1414 cum
665 1379 719 1414 nn
731 1358 819 1412 Ἂουὰν
835 1361 957 1416 scribant.
981 1362 1016 1414 nt
1027 1361 1143 1430 Scaliger
1154 1357 1283 1428 Ἀνάγνους
1293 1357 1409 1418 saraiam
1419 1357 1470 1428 leg.
1481 1355 1601 1410 arionem
1619 1379 1620 1402 ;

459 1447 522 1515 qnia
537 1437 609 1507 ’κέλ
624 1453 686 1500 suut
701 1441 814 1516 ἄναγνοι,
837 1447 958 1502 obscoeni.
987 1446 1084 1500 Verum
1100 1445 1232 1499 nationum
1249 1442 1291 1497 hie
1307 1443 1425 1508 nemina,
1445 1459 1499 1496 uon
1514 1455 1600 1494 morum

459 1547 490 1585 ae
501 1532 624 1586 vitiorum
635 1533 739 1603 propria
750 1538 994 1588 commemorantur.

526 1615 636 1690 'Enipeo
648 1615 701 1670 roi
711 1616 794 1688 ἱερέα]
817 1618 927 1671 idiritica
938 1635 1025 1672 rernm
1037 1623 1231 1687 temporumque
1240 1615 1407 1686 perturbatio.
1429 1613 1536 1668 Esdram
1544 1625 1601 1663 aset-
1619 1685 1620 1692 ἵ

458 1704 493 1757 rit
503 1719 520 1756 a
530 1703 716 1758 Nabuchodou.
732 1703 856 1768 missum,
867 1705 913 1773 qui
925 1703 1057 1757 Samariae
1068 1703 1209 1772 inquilinos
1220 1701 1302 1756 Musis
1313 1701 1398 1770 legem
1409 1699 1523 1762 doceret,
1538 1697 1602 1766 idque
1619 1745 1620 1766 ζ

458 1807 527 1843 anuo
543 1809 597 1843 xxx
613 1789 790 1859 Babylonieae
806 1789 964 1859 captivitatis
981 1789 1112 1842 accidisse.
1141 1787 1199 1842 Nou
1216 1785 1316 1840 videtur
1332 1787 1441 1839 alterum
1457 1784 1562 1839 Esdram
1575 1783 1602 1833 ab

458 1893 490 1929 so
511 1875 669 1928 intellexisse
691 1875 736 1944 qni
752 1875 873 1928 llecaliae
894 1875 965 1928 tilius
980 1875 1046 1944 legis
1062 1873 1148 1928 scriba
1164 1873 1262 1928 dicitur.
1296 1871 1348 1925 Sed
1368 1872 1447 1925 aliurn
1471 1878 1566 1932 umen,
1585 1867 1620 1942 ei3

457 1978 549 2014 verum
559 1960 624 2013 illud
635 1966 688 2023 est,
706 1965 808 2030 oportet
817 1960 907 2014 fuisse.
937 1960 995 2014 Non
1007 1961 1121 2013 melioris
1133 1967 1172 2013 est
1186 1965 1276 2024 notae,
1293 1956 1361 2028 quod
1372 1957 1550 2020 Israeliticam,
1563 1953 1602 2006 boc
1619 1957 1620 2014 i

457 2053 524 2098 ests
540 2046 656 2098 tribuum
672 2045 861 2116 captivitatem,
878 2063 939 2099 curn
956 2047 1037 2099 altera
1051 2045 1197 2108 confundit,
1215 2059 1281 2115 quae
1298 2044 1347 2096 sub
1358 2041 1543 2096 Nabuchodou.
1553 2057 1603 2092 con·
1619 2027 1620 2056 ³

456 2132 525 2200 tigit
554 2130 621 2194 Quid
636 2132 707 2184 enim
720 2130 791 2185 aliud
806 2131 891 2186 tacere
906 2133 992 2203 potuit
1008 2132 1053 2202 qui
1068 2129 1253 2186 Nabuchodou.
1271 2128 1380 2184 eundem
1395 2145 1454 2184 cum
1465 2127 1603 2184 Salmams·
1619 2125 1620 2164 ἶ

456 2233 515 2271 saro
528 2218 715 2272 constituerat?

759 2372 805 2426 AD
822 2370 991 2426 HAERESIN
1009 2370 1309 2426 armamentorum.

522 2477 655 2530 Hactenus
670 2480 756 2529 sectae
771 2476 845 2540 iliae,
865 2491 932 2546 qnae
953 2476 995 2529 rel
1014 2481 1075 2529 ante
1094 2475 1247 2546 scripturam
1263 2474 1402 2528 extiterunt
1420 2472 1461 2526 vel
1477 2471 1602 2542 gentilium
1619 2467 1620 2488 ¹

455 2561 527 2614 inere
543 2563 669 2632 proprias.
702 2559 852 2630 Sequuntur
873 2578 918 2614 eae
939 2577 1005 2632 quae
1020 2566 1152 2630 utcunque
1167 2560 1305 2631 scripturas
1322 2564 1476 2630 usurpantes
1491 2557 1620 2626 multipliw

455 2649 530 2700 cibus
541 2663 599 2699 sese
611 2646 738 2699 erroribus
750 2646 923 2715 implicarunt.
951 2646 1066 2710 Quarum
1077 2645 1128 2699 duo
1140 2646 1226 2716 capita
1236 2651 1309 2710 sunt,
1321 2645 1463 2699 Samaritae
1473 2659 1507 2698 aa
1517 2643 1604 2697 ludaei
1619 2653 1620 2662 ¹

455 2732 679 2785 Samaritanorum
695 2728 750 2782 καθ’
767 2730 929 2801 ὑποδιαίρεσιν
944 2731 1071 2785 factiones
1086 2737 1147 2784 sunt
1164 2749 1202 2797 rs,
1219 2730 1372 2785 Iudaeorum
1382 2747 1427 2784 vn.
1456 2723 1620 2784 Samaritani

455 2824 518 2870 sunt
528 2816 633 2882 Esseni,
646 2815 784 2881 Gortbeui,
795 2817 921 2882 Sebuaei‚
933 2815 1062 2880 Dosithei3
1082 2815 1235 2871 ludaeorum
1243 2816 1383 2880 Saducaei,
1396 2815 1513 2881 Scribas,
1527 2813 1604 2868 Phari·
1619 2873 1620 2880 χ

455 2904 522 2968 saci,
537 2902 789 2972 Hemerobaptistae,
801 2901 937 2966 Nasaraei,
951 2901 1056 2966 Osseui,
1068 2901 1213 2957 Herodiaui.
1241 2903 1310 2956 Haec
1321 2899 1492 2973 Epiphaniam
1511 2902 1568 2971 qui,
1581 2905 1605 2950 ut
1619 2897 1620 2922 ³

454 2989 520 3041 alim
531 3004 619 3058 saepe,
636 2988 674 3040 sic
686 2989 717 3040 in
733 2986 827 3040 barum
842 2992 971 3040 sectarum
985 2987 1124 3057 partitione
1139 3005 1170 3042 sc
1185 2987 1353 3059 descriptione
1364 3003 1474 3058 aequum
1484 2987 1604 3056 magisne

454 3073 597 3143 benignum
613 3090 691 3144 quam
709 3078 859 3126 accuratum
878 3079 905 3127 et
920 3089 1039 3126 severum
1054 3075 1177 3126 lectorem
1196 3074 1287 3144 exigit
1321 3073 1451 3128 Permulta
1466 3073 1539 3126 enim
1554 3072 1605 3124 istic

452 3159 532 3224 falsa,
543 3159 701 3231 minimeque
713 3158 877 3214 cohaerentia
887 3158 1016 3230 disputem
1028 3175 1095 3230 qnae
1104 3177 1152 3212 nos
1164 3159 1310 3213 invitissimi
1321 3175 1397 3224 saue,
1408 3175 1455 3229 pro
1466 3175 1496 3212 ee
1510 3175 1542 3212 ac
1554 3173 1605 3210 sau-

452 3247 562 3300 ctissimi
570 3247 619 3299 viri
628 3247 753 3316 pietatem
761 3245 984 3316 eruditionemque
993 3261 1154 3310 veneramur,
1166 3245 1211 3298 sed
1222 3246 1366 3300 necessario
1378 3251 1464 3298 tamen
1472 3261 1569 3310 eruere,
1580 3259 1605 3294 ac
1619 3277 1620 3294 2

365 3338 426 3390 stt
453 3350 486 3385 ne
497 3333 582 3386 fraudi
593 3332 716 3403 cuiquam
727 3333 791 3397 sint,
808 3332 937 3406 castigare
954 3331 1099 3387 debuimus.
1124 3331 1287 3402 Hegesippus
1303 3347 1380 3402 porro
1391 3330 1458 3402 apud
1470 3329 1605 3384 Eusebium
1619 3371 1620 3374 ,

452 3419 469 3470 l.
481 3436 506 3470 ν.
518 3435 574 3488 cap.
585 3437 651 3472 ran.
672 3417 824 3471 ludaeorum
836 3424 920 3470 seems
932 3433 1086 3486 percenseas
1098 3416 1274 3470 Samaritanus
1285 3417 1351 3471 inter
1361 3417 1420 3470 illas
1432 3417 1528 3470 retulit
1545 3416 1607 3470 Sunt
1619 3429 1620 3434 ¹

452 3507 540 3554 autem
555 3503 632 3555 istae:
650 3503 752 3567 Essaei,
775 3501 897 3565 Galilaei,
918 3501 1169 3572 Hemerobaptistae,
1186 3501 1358 3570 llasbetbaei,
1374 3502 1531 3569 Samaritae,
1548 3500 1607 3556 Sad-

452 3587 554 3650 ducaei,
564 3585 704 3639 Pharisaei
1619 3585 1620 3616 ³

518 3670 549 3724 N.
562 3689 578 3724 r.
605 3668 1012 3742 ‘Eppnom'ostarbiliapnprtrnn]
1039 3671 1097 3726 Non
1114 3673 1190 3728 unius
1202 3671 1338 3744 Epiphanii
1358 3679 1399 3728 est
1414 3675 1497 3728 otiosa
1512 3673 1561 3727 illa
1579 3688 1620 3744 acg

451 3757 530 3809 nimis
547 3762 640 3826 arguta
653 3756 726 3808 vocis
741 3756 927 3826 interpretatio.
956 3757 1040 3812 Paene
1052 3775 1143 3812 omnes
1155 3760 1254 3830 antiqui
1264 3765 1320 3813 tam
1332 3759 1424 3814 Graeci
1435 3775 1514 3830 quam
1525 3759 1607 3814 Latini
1619 3773 1620 3786 ³

451 3858 510 3894 sam
526 3841 641 3912 amplexi
655 3847 729 3906 sunt,
751 3857 782 3894 ao
796 3841 920 3896 mirificam
937 3860 970 3897 ex
986 3861 1018 3897 ea
1033 3845 1173 3898 sententies
1189 3845 1370 3916 procuderuut.
1400 3845 1451 3899 Sed
1466 3847 1607 3899 accuratior

451 3928 572 3980 omnibus
584 3924 743 3997 Epiphanius
754 3933 853 3993 noster,
866 3930 912 3999 qui
922 3930 960 3983 ita
969 3947 1134 3984 communem
1142 3931 1214 3985 illam
1228 3931 1327 3998 attulit,
1338 3936 1369 3984 ut
1376 3933 1501 3986 veriorem
1511 3947 1543 3985 ae
1553 3948 1607 4003 ger-

450 4029 556 4069 manam
566 4029 620 4065 non
631 4013 795 4084 praeteriret;
807 4029 874 4084 qnae
886 4021 927 4068 est
937 4016 981 4068 lib.
994 4033 1032 4069 nr.
1044 4016 1109 4087 ling.
1121 4031 1178 4087 cap.
1189 4034 1242 4082 xvi,
1255 4016 1295 4072 24.

518 4096 568 4165 Τὴν
580 4101 621 4148 νῦν
633 4095 761 4168 Ἰουδαίαν,
772 4100 788 4165 ἢ
798 4097 955 4170 Σαμάρειαν]
975 4100 1167 4172 Saepenumero
1178 4101 1227 4156 hoe
1237 4102 1363 4169 meulent,
1381 4102 1463 4158 Gbam
1477 4103 1505 4157 in
1522 4103 1607 4157 fratr-'n

449 4186 491 4238 sni
502 4182 693 4255 possessiouem
708 4184 836 4237 invasisse
851 4201 882 4238 ae
893 4183 1017 4240 Iudaeam
1029 4203 1181 4259 occuparem
1196 4188 1269 4242 cuins
1279 4205 1353 4259 pars,
1369 4189 1446 4244 latius
1457 4187 1555 4243 diffusa
1565 4207 1607 4244 νο·

449 4270 536 4324 rabuli
545 4269 665 4334 notione,
675 4267 794 4322 Samaria
804 4269 862 4323 fuit

516 4352 565 4406 'Ea
576 4369 602 4404 τε
613 4357 657 4405 τοῦ
670 4352 930 4426 pollutissimis]
960 4355 1061 4411 Primus
1073 4356 1122 4413 hoe
1132 4359 1260 4413 Eusebius
1271 4359 1299 4413 in
1311 4358 1443 4414 (turonicis
1459 4361 1577 4432 scripsit3
1592 4377 1608 4415 a

450 4457 502 4510 qno
513 4445 647 4494 mutuatus
658 4443 700 4492 est
709 4437 882 4509 Epiphanius;
898 4442 922 4494 si
934 4439 997 4495 haee
1013 4449 1102 4498 tamen
1113 4443 1227 4508 Eusebii
1244 4461 1297 4498 non
1314 4445 1463 4516 Hieronymi
1475 4453 1545 4512 suut,
1564 4449 1607 4518 qui

448 4525 595 4579 istiusmodi
610 4525 711 4594 origine
727 4523 831 4593 saepius
847 4527 917 4580 lusit
946 4525 1012 4580 Huic
1023 4527 1183 4598 Epiphanius
1198 4545 1253 4582 nou
1264 4530 1347 4585 bellae
1358 4532 1470 4586 nominis
1481 4531 1620 4604 interpre-¹

448 4612 541 4665 rationi
556 4611 708 4665 deteriorem
725 4609 821 4680 adjecit
831 4612 951 4678 alteram,
968 4611 1111 4668 Samarites
1127 4614 1161 4668 ob
1173 4613 1199 4667 id
1211 4617 1354 4687 appellatos
1365 4633 1424 4672 esse
1440 4617 1509 4688 quod
1519 4617 1606 4690 legem

448 4696 613 4752 custodirent.
631 4692 637 4702 ”

513 4779 545 4834 N.
557 4799 585 4834 rr.
603 4779 645 4833 Ἐν
658 4786 694 4854 τῷ
707 4773 756 4850 ὄρει
767 4783 804 4852 τῷ
816 4777 883 4853 παρὰ
894 4787 945 4846 τοῖς
957 4779 1083 4854 inplicta]
1106 4781 1144 4838 De
1156 4783 1265 4842 duorum
1276 4789 1404 4843 montium
1414 4789 1536 4856 istorum,
1555 4789 1605 4846 Ga·

445 4867 510 4922 riaiu
524 4871 551 4921 et
565 4866 648 4923 Eebal
668 4869 724 4922 sive
740 4865 835 4934 debu,
856 4870 909 4924 situ
924 4869 995 4926 idem
1010 4871 1089 4926 sentit
1108 4869 1268 4944 Epiphanius
1286 4875 1355 4946 qued
1372 4871 1511 4944 Eusebius,
1537 4879 1562 4934 si
1582 4879 1620 4932 is¹
