3650 5642
451 592 559 651 cxviii

518 748 653 802 Postremo
662 748 690 801 in
699 746 929 817 sersDionvsisns
936 754 1011 803 extre
1018 747 1207 802 dubitationem
1215 754 1262 813 est,
1271 746 1402 803 Christum
1407 748 1521 819 Augusti
1527 764 1598 811 isin,

451 834 557 888 Actisoo
566 850 627 887 vero
639 851 700 887 xxx.
712 838 804 887 netum
816 850 882 887 esse.
900 832 975 897 Quod
986 835 1075 898 sirm,
1086 834 1128 887 vel
1137 851 1191 887 xii.
1205 833 1307 887 luliuuo
1318 850 1351 887 ex
1363 835 1475 889 eliorum
1485 835 1600 888 mteuh‘e

453 926 525 973 ortus
543 924 624 983 esset,
641 918 668 971 id
684 920 712 971 iii
724 936 848 985 xxxviii,
864 920 906 972 vel
917 936 1009 973 xxxix.
1021 918 1163 985 lullonum,
1174 919 1309 973 Actisouin
1319 934 1380 973 vero
1391 936 1467 986 m,
1478 920 1521 973 vel
1530 936 1599 979 xm..

451 1005 607 1059 conveniret.

520 1089 675 1155 incendisses
688 1089 714 1141 ri
726 1089 803 1142 circii
815 1090 869 1161 sepi
881 1090 924 1141 obv
935 1086 1119 1160 Ἰανουάριον]
1140 1088 1372 1145 Luculentissimus
1382 1091 1426 1145 hic
1436 1092 1513 1145 locus
1522 1090 1601 1153 ert,iu

453 1192 504 1247 quo
520 1176 634 1229 ustulem
647 1170 741 1229 Christi
757 1176 826 1229 diem
841 1176 1038 1229 accuratissime
1054 1176 1252 1231 circumscribit.
1283 1176 1316 1230 lit
1326 1177 1431 1247 quidem
1441 1192 1467 1230 si
1477 1176 1561 1229 dviii
1571 1175 1601 1229 ld

453 1261 515 1325 Iun,
525 1259 574 1313 hoc
586 1265 626 1313 est
637 1260 751 1315 Ianuarii
756 1278 801 1325 vi,
814 1261 840 1314 in
853 1278 932 1331 quem
940 1259 1146 1331 Epiphaniorum
1156 1262 1253 1315 festum
1263 1263 1361 1327 incidit,
1371 1268 1465 1316 ustum
1476 1266 1602 1319 sseevm

453 1364 487 1400 ex
499 1348 631 1400 communi
642 1347 830 1417 Aegyptiorum
842 1347 984 1410 sententis,
1001 1346 1033 1399 de
1048 1362 1102 1417 qne
1116 1347 1226 1400 subinde
1236 1346 1354 1401 nonnihil
1365 1348 1530 1402 mimus.
1559 1344 1603 1399 Sed

453 1432 565 1503 primurn
583 1432 702 1502 singulae
719 1438 867 1502 temporum,
882 1432 1030 1485 notationes
1046 1432 1129 1485 obiter
1144 1432 1334 1503 percurrendse
1353 1442 1432 1505 etque
1446 1430 1604 1487 ilimusndic

453 1524 524 1571 sunt.
548 1518 623 1571 Hunc
635 1519 716 1588 igitur
727 1517 795 1570 diem
806 1517 935 1587 imprimis
946 1535 983 1572 xi.
995 1516 1063 1586 Tvbi
1073 1534 1131 1570 esse
1147 1518 1238 1571 scribit
1252 1519 1280 1572 in
1291 1534 1361 1572 suno
1371 1519 1497 1573 videlicut
1504 1517 1603 1573 Aetiseo,

454 1604 507 1655 sive
525 1602 654 1673 Aegyptio
677 1602 792 1667 Iuliano,
814 1602 888 1655 cuiue
906 1601 990 1655 Thoth
1007 1602 1079 1656 fixus
1101 1607 1142 1656 est
1157 1620 1230 1657 xxix.
1247 1604 1374 1675 Augusti,
1395 1604 1535 1658 risonieuis
1548 1600 1604 1668 prt

454 1704 535 1743 xxvii.
548 1688 609 1740 Dec.

522 1770 590 1823 ilerd
602 1772 707 1841 Σύρους,
720 1772 796 1823 sinoce
808 1770 955 1842 Ἕλληνας]
979 1772 1203 1842 Syromscedonus
1214 1772 1350 1844 intelligo,
1365 1775 1421 1827 eive
1431 1771 1604 1828 musmones,

455 1857 499 1928 qui
511 1857 638 1911 lulianam
650 1858 712 1911 suni
722 1858 833 1911 formem
844 1864 1009 1928 receperunt,
1021 1874 1170 1928 quinqueni
1183 1859 1287 1913 illorum
1299 1860 1480 1913 senmiennio
1489 1858 1605 1912 luliuuun

455 1957 553 1997 urinum
564 1942 705 2007 antecediti
717 1944 912 2013 appelleturque
922 1944 1094 2013 χρηματισμὸς
1103 1947 1144 2009 τῆς
1153 1941 1309 2014 Ἀντιοχείας,
1321 1945 1391 2016 quod
1399 1960 1431 1997 eo
1438 1942 1533 2009 enoch
1544 1940 1605 1993 ecte

455 2027 528 2097 sopio
539 2026 705 2081 Antiochenis
717 2029 846 2097 permissa
862 2034 888 2081 et
902 2028 985 2081 Iulius
998 2028 1093 2081 Csessr
1107 2028 1216 2082 dictetur
1226 2029 1379 2083 indoctius
1390 2030 1557 2083 renuncietue
1566 2030 1605 2085 οἱ,

455 2113 599 2177 Artemisii‚
617 2114 672 2165 sive
682 2114 758 2177 Mili,
775 2130 851 2168 xxiii.
865 2113 959 2167 Chion.
970 2115 1045 2167 Alex.
1057 2113 1151 2185 pree.
1173 2114 1222 2167 Est
1236 2114 1279 2169 hic
1295 2130 1380 2169 sunus
1391 2112 1471 2168 Urbis
1479 2112 1548 2176 iffi,
1563 2126 1606 2179 put

455 2198 552 2253 Cressr
563 2198 631 2252 victo
642 2199 766 2271 Pompeio
778 2216 865 2253 rerum
877 2201 976 2270 potitus
987 2205 1040 2264 est,
1051 2216 1104 2269 per.
1113 2200 1161 2253 lul.
1170 2198 1259 2264 4666„
1271 2201 1348 2253 suuis
1359 2206 1419 2253 ente
1429 2200 1605 2269 Dionysiam

455 2302 543 2342 serem
553 2303 645 2350 xiviir,
657 2292 717 2339 sote
729 2286 841 2355 primum
854 2286 984 2339 lulianum
995 2286 1092 2350 imbus,
1103 2291 1133 2338 ut
1143 2302 1178 2339 ex
1186 2285 1298 2355 Evagrio
1310 2286 1411 2356 suffigit
1421 2285 1540 2355 Sceliger
1547 2283 1605 2349 leeg.

456 2372 519 2429 Cen.
533 2374 549 2427 l.
560 2392 598 2427 iii.
611 2390 635 2443 p.
646 2372 717 2437 2954
730 2374 825 2425 rectius
837 2388 917 2441 quem
928 2372 955 2424 in
966 2372 1056 2426 libis.
1075 2371 1107 2424 de
1122 2371 1230 2424 Emend
1241 2372 1332 2442 Pomp.
1345 2388 1371 2441 p.
1380 2371 1456 2436 Μ,
1472 2372 1519 2425 nbi
1529 2367 1605 2422 imo

456 2458 590 2513 cheseium
607 2474 694 2511 serem
711 2458 745 2510 sb
760 2458 872 2511 editione
883 2456 984 2510 inlisus
999 2455 1115 2511 inchouri
1132 2462 1231 2520 censet,
1248 2458 1324 2511 ennio
1340 2462 1402 2510 sute
1416 2454 1515 2511 Christi
1530 2466 1606 2507 serem

456 2562 531 2609 xit,
549 2562 583 2597 ex
600 2544 706 2596 liusebii
726 2544 875 2607 sutoritste,
893 2544 938 2612 qni
952 2558 1052 2595 sunum
1062 2541 1277 2595 Antiochensium
1287 2541 1346 2596 325.
1364 2542 1468 2595 conicit
1480 2543 1510 2595 in
1520 2552 1604 2593 sunum

377 2652 381 2659 ·
456 2628 552 2683 Christi
561 2628 618 2681 280.
636 2628 687 2681 Sed
699 2644 797 2698 magus
808 2626 871 2681 huso
882 2626 1051 2681 hallucinatio
1063 2632 1111 2680 est
1128 2626 1196 2680 lirin
1204 2626 1333 2681 Eusebius
1345 2628 1373 2680 in
1385 2626 1493 2681 Chrom:
1504 2623 1606 2679 Secu&

362 4770 383 4810 p.
393 4758 437 4801 iit.

457 2732 523 2767 nuno
536 2714 625 2775 Prodi,
637 2714 734 2783 inquit,
746 2718 819 2765 iusto
832 2714 1003 2766 Antioodeooe
1012 2726 1125 2766 cccxxv.
1138 2717 1287 2782 occesserit.
1309 2712 1390 2783 Atqui
1400 2712 1480 2766 Probi
1489 2708 1606 2767 secmdut

457 2798 581 2868 competit
598 2814 666 2851 enno
683 2814 758 2851 eeiee
776 2798 937 2852 Christianos
948 2813 1108 2862 ccixxvni.,
1125 2814 1177 2868 quo
1194 2814 1263 2851 suno
1280 2799 1366 2868 coepit
1382 2802 1427 2849 τοῦ
1443 2794 1606 2869 χρηματισμοῦ

456 2882 670 2937 Antiochensium
682 2898 765 2935 onnus
778 2898 892 2937 cccxxv.
917 2882 961 2935 Sic
976 2884 1047 2935 enim
1057 2882 1238 2937 Antiochensis
1254 2898 1331 2937 seres
1345 2884 1448 2953 primns
1462 2898 1546 2937 mnus
1556 2879 1607 2933 Dio

457 2969 596 3037 nysieusm
608 2983 696 3020 sorsin
708 2986 800 3022 xiim.
812 2968 902 3022 solidis
917 2969 993 3021 suuis
1010 2970 1157 3021 eutecessit
1191 2968 1303 3021 Necesse
1319 2975 1361 3022 est
1375 2969 1458 3040 igitvr
1474 2985 1535 3023 cum
1549 2978 1606 3019 nouo

457 3053 534 3108 Probi
545 3072 574 3109 11.
592 3059 619 3105 et
629 3052 790 3123 Dionysiuno
800 3070 936 3108 cccxxvii.
947 3054 1067 3123 componi
1078 3053 1294 3107 Antiochensium
1305 3070 1381 3107 serite
1392 3068 1519 3109 cccxxiv.
1529 3052 1607 3104 lebeu-

458 3146 523 3209 tem‚
541 3144 568 3192 et
582 3140 714 3193 ineuntem
728 3154 854 3205 cccxxv„
872 3140 946 3209 cyclo
958 3139 1021 3192 solis
1032 3156 1068 3193 vn
1085 3140 1163 3193 lunse
1174 3156 1223 3194 xri.
1252 3139 1291 3192 De
1302 3140 1377 3193 initio
1387 3140 1466 3193 Probi
1477 3140 1571 3193 dicetur
1580 3130 1606 3183 id

457 3225 503 3281 lib.
516 3225 548 3278 de
559 3226 642 3280 Mens.
656 3236 682 3279 et
693 3226 860 3281 Ponderibus.
886 3226 968 3289 Anni,
983 3230 1013 3279 ut
1024 3224 1122 3278 dictum
1132 3230 1186 3289 est,
1201 3225 1286 3278 forme
1296 3224 1400 3279 ludisne
1409 3225 1474 3289 loit3
1491 3220 1606 3279 meusim

459 3310 549 3365 eedem
561 3328 627 3382 quse
639 3311 707 3381 epod
719 3311 850 3367 Romanos
862 3312 1013 3382 descriptio,
1031 3326 1111 3381 quein
1124 3311 1153 3363 iii
1163 3311 1284 3379 sequenti
1291 3310 1416 3365 laterculo
1426 3305 1606 3382 proponendam

457 3397 614 3467 putavimus,

500 3547 728 3603 LATERCULUM
744 3550 904 3605 MENSIUM
919 3548 1225 3613 ANTIOCHENORUM,
1242 3548 1319 3605 SIVE
1336 3543 1575 3603 ΣΥΡΟΕΛΛΗΝΩΝ.

811 3651 945 3712 Αὐδυνοιῖος
998 3668 1007 3679 ’
1065 3651 1202 3704 lunusrius

812 3736 920 3806 llepirioc
1065 3736 1222 3790 Februarius

812 3821 921 3892 Δύστρος
1064 3822 1175 3876 Mardus

812 3905 931 3967 Ξανθικός
1065 3906 1161 3976 Aprilis
1192 3923 1201 3943 ⁸

811 3988 961 4060 Ἀρτεμίσιος
1065 3993 1152 4045 Maius

812 4076 909 4137 Δαίοιος
1066 4077 1156 4130 lunius

812 4159 922 4231 Πὰνομος
1065 4162 1147 4215 lulius

774 4288 777 4293 .
812 4248 882 4315 Λῷος

813 4331 943 4401 Γορπιαῖος

813 4414 1011 4486 Ὗπερβερετοῖος
1068 4418 1179 4471 October

717 4533 720 4545 ι
814 4502 870 4563 Δῖος
1067 4502 1214 4557 November

814 4583 961 4648 Ἀπελλαῖος
1068 4588 1212 4641 December

530 4754 601 4819 Quae
611 4757 742 4811 mensium
754 4758 891 4811 concordie
902 4775 937 4811 ex
948 4758 1067 4823 Socrate,
1078 4758 1203 4829 Pugno,
1215 4757 1308 4825 fluide,
1319 4764 1439 4813 ueterum
1447 4758 1604 4814 Conciliorth¹

462 4839 673 4911 inscriptionibus
691 4848 717 4896 et
733 4841 842 4897 infinitis
859 4843 918 4897 eliis
932 4844 1090 4897 testimoniis
1106 4842 1186 4898 iidem
1202 4850 1323 4899 meretur.
1356 4844 1423 4899 illud
1434 4860 1498 4899 vero
1512 4841 1604 4899 snut
