3650 5642
1291 624 1397 681 eexnt

257 800 323 848 aera,
332 784 380 838 alia
388 784 510 853 graviora
520 788 549 837 et
557 784 691 854 capitalia,
707 798 776 853 quae
789 784 944 839 nominatim
956 798 1069 837 canones
1081 780 1324 853 complectebantur,
1341 780 1397 849 qui·

256 870 344 939 busque
350 870 453 939 publica
459 868 620 940 poenitentia
628 884 695 939 opus
702 875 770 933 erat,
780 870 878 923 leviora
888 870 981 933 altera,
996 868 1045 923 hee
1057 874 1097 921 ast
1107 884 1123 920 ι
1134 867 1277 921 canonibus
1285 870 1396 935 prseter-

256 954 301 1017 ita,
313 955 395 1024 priscus
405 955 531 1009 ecclesiae
541 953 715 1024 temporibus,
730 954 776 1024 qui
791 970 820 1007 ae
836 955 928 1025 prieris
944 954 1046 1023 generis
1064 952 1177 1023 peccatis
1189 950 1398 1015 obstrinxissent,

256 1038 286 1091 ad
300 1040 425 1109 episcopos
440 1040 612 1111 utplurimum
628 1038 753 1093 adeuntes
766 1040 951 1109 praescriptam
963 1039 1039 1091 abiis
1051 1038 1238 1109 peonitentiam
1250 1034 1398 1105 explebant.

256 1124 289 1175 le
301 1125 321 1177 ai
335 1125 392 1193 quia
405 1124 583 1179 remetissima
598 1125 760 1177 monimenta
775 1124 925 1194 diligentius
942 1124 1072 1194 exploret,
1089 1124 1203 1181 inveniet
1218 1121 1252 1174 ab
1270 1120 1398 1191 episeopis

255 1209 309 1278 ipsit
316 1208 490 1263 adnntmata
498 1209 581 1263 terma
588 1211 691 1273 emnia,
702 1226 771 1279 quae
778 1209 812 1261 ad
820 1210 981 1279 peonitentea
989 1208 1144 1271 attinebant,
1155 1224 1214 1261 cum
1227 1212 1253 1259 et
1264 1206 1398 1276 pauciores

256 1292 325 1347 adbuc
333 1292 579 1360 Cltn'atlauiiereut,
589 1301 616 1348 ct
623 1295 836 1358 rarioradelieta,
847 1310 915 1363 quae
923 1294 1053 1363 publicam
1062 1292 1246 1363 peonitentiam
1255 1292 1399 1359 exigerent

254 1378 412 1449 Posteaquam
422 1396 486 1433 rere
496 1380 593 1451 pariter
603 1386 629 1433 et
638 1380 755 1434 fidelium
766 1394 902 1442 numerus,
918 1384 945 1431 et
960 1378 1065 1431 maioris
1081 1378 1126 1431 illa
1137 1378 1311 1447 poeniteutiae
1322 1390 1399 1445 seges

254 1466 365 1530 excierit,
376 1466 500 1535 gresten
510 1466 609 1519 scilicet
619 1466 790 1535 capitalisque
801 1464 922 1527 erimina,
934 1480 994 1517 cum
1007 1479 1073 1517 unus
1085 1478 1132 1532 par
1145 1462 1264 1515 omnibus
1276 1478 1334 1515 ease
1346 1476 1399 1513 nen
1425 1480 1447 1520 p.
1455 1465 1499 1511 tit.

253 1558 328 1619 pectet
338 1552 491 1621 episcopus,
506 1551 632 1605 ricarium
644 1550 694 1604 sibi
705 1550 885 1620 presbyterum
896 1548 1042 1612 substituit,
1060 1562 1111 1616 qne
1124 1562 1182 1599 cusu
1194 1546 1308 1599 laborem
1320 1546 1399 1616 parti·

252 1642 317 1701 retur,
332 1637 430 1706 quique
445 1636 479 1689 iis
489 1636 655 1707 potissimum
667 1634 802 1687 audiendis
813 1640 917 1687 vacaret
927 1634 973 1703 qui
983 1632 1088 1703 publica
1099 1630 1257 1703 poenitentia
1272 1647 1305 1683 ex
1321 1646 1399 1683 cane·

253 1736 304 1773 nun
314 1721 450 1775 sanctione
461 1728 617 1775 tenerentur.
650 1719 718 1773 Nam
728 1736 788 1783 ees,
799 1719 845 1788 qui
855 1718 983 1788 privatam
994 1716 1173 1771 tantummode
1185 1714 1372 1778 desiderarent,
1384 1730 1401 1767 a

251 1806 423 1859 miuutieribus
434 1806 593 1875 presbyteria
604 1805 739 1859 absolutes
755 1820 814 1857 esse
830 1802 952 1857 credibile
968 1802 1006 1855 fic
1041 1802 1074 1855 lit
1090 1801 1194 1871 quidem
1213 1800 1273 1853 elim
1292 1800 1400 1853 absente

252 1892 360 1961 episcope
370 1906 560 1960 nonnunqum
571 1906 588 1944 a
598 1890 757 1960 presbyteria
767 1888 928 1943 reconciliari
939 1888 1101 1957 poenitentes
1113 1886 1244 1949 selebaut3
1256 1884 1301 1937 sed
1314 1892 1399 1937 eutra-

252 1976 398 2029 erdlnarium
408 1975 451 2029 ius
462 1974 526 2028 illud
536 1980 605 2040 erat,
621 1980 648 2029 et
660 1974 800 2027 identidem
812 1973 978 2044 abepiscopo
991 1972 1155 2035 mandatum,
1172 1988 1225 2025 nou
1242 1969 1400 2025 ordinarium

252 2060 712 2131 accmtisbemiuibusinperpetuum
721 2060 883 2113 attributum.
900 2056 985 2122 Quare
995 2066 1023 2110 ut
1032 2056 1100 2127 apud
1110 2057 1241 2109 Remanes
1250 2055 1401 2125 capitalium

252 2162 390 2201 musarum
401 2146 518 2215 cognitio
526 2146 639 2215 primum
648 2160 665 2197 a
673 2152 779 2208 senam
790 2144 892 2214 quoties
903 2160 969 2213 epus
981 2150 1048 2206 erat,
1060 2142 1196 2197 consulum
1208 2141 1294 2205 alteri,
1311 2140 1400 2195 ambo·

252 2230 332 2296 busra,
346 2238 395 2285 aut
404 2232 465 2285 aliis
474 2230 673 2299 magistratibus
684 2230 904 2291 committebatur,
921 2236 1012 2299 postea
1027 2227 1179 2297 quaestione
1191 2227 1295 2296 publica
1306 2226 1401 2279 cenail·

251 2322 299 2369 tuta
308 2317 419 2386 singuiis
429 2316 597 2379 criminibus,
614 2330 681 2385 quae
693 2314 797 2385 quidem
809 2315 938 2367 atrociora
950 2322 1048 2376 meant,
1064 2328 1128 2366 suus
1144 2320 1184 2364 est
1194 2312 1273 2365 index
1286 2328 1316 2365 ac
1327 2328 1400 2382 pcae-

251 2402 439 2471 terappesitus:
451 2400 490 2454 eie
501 2401 529 2453 iu
540 2400 651 2453 ecclesia
663 2398 793 2470 quendam
805 2399 995 2469 poenitentium
1007 2413 1112 2451 enussas
1125 2398 1219 2467 quibus
1231 2398 1308 2449 rallet
1320 2397 1401 2451 diaes·

250 2486 348 2555 ptaudaa
358 2485 502 2539 mandabat
516 2485 668 2555 episcopus,
684 2491 776 2554 postea
791 2490 878 2537 cartm
893 2500 924 2537 ac
940 2492 1080 2554 perpetuus
1097 2484 1246 2553 graviorum
1263 2482 1400 2535 criminum

249 2570 332 2634 iudex,
341 2569 392 2623 boc
403 2578 446 2623 est
455 2570 576 2640 publicae
586 2570 763 2640 peanitentiae
774 2568 968 2623 administrator
978 2569 1113 2621 institutus
1125 2576 1172 2621 est
1195 2566 1328 2621 Eiusmodi
1341 2582 1401 2637 pea-

249 2656 402 2709 nitentiariua
413 2656 458 2709 iiie
469 2656 605 2725 presbyter
616 2654 679 2718 tuit,
690 2654 833 2707 orientibus
845 2653 1011 2717 Nesatianis,
1023 2654 1045 2707 si
1057 2644 1202 2707 Nevs‘tiuue
1215 2651 1335 2707 historice
1347 2668 1401 2706 cre·

250 2739 338 2806 diurne,
348 2756 365 2793 a
374 2739 511 2795 catbelicis
522 2739 646 2793 adscitus.
667 2738 739 2793 idem
750 2746 843 2809 peatca
852 2739 936 2809 stupri
947 2739 1017 2791 illius
1030 2740 1164 2791 occasione
1177 2737 1402 2808 Constantinopoli

250 2825 905 2896 sublatus,uuaquecumeepeenitentiaepublicae
915 2825 1201 2895 ususinterruptusest
1218 2823 1401 2889 Peeoitentiae,

249 2912 362 2981 iuquam,
377 2928 432 2965 uon
447 2910 620 2965 ceuiessieuis
637 2910 770 2981 publicae,
787 2926 854 2979 quae
870 2910 942 2963 nulla
957 2925 1073 2979 unquam
1090 2911 1116 2963 iu
1133 2924 1218 2963 rerum
1235 2918 1328 2963 natura
1344 2908 1401 2965 luit

250 2994 318 3059 Quod
325 2997 395 3051 euim
407 2997 512 3067 publica
523 2995 652 3050 duntaxat
662 2995 822 3066 poenitentia
832 3010 955 3065 supressa
966 2996 1012 3059 ait,
1029 2994 1070 3048 vel
1088 3002 1163 3049 auter
1174 2996 1228 3064 ipse
1240 3002 1299 3063 pest
1310 2994 1402 3047 Secta·

250 3088 296 3134 tam
307 3082 461 3135 narrationis
475 3082 546 3135 iliius
557 3080 718 3135 Sesemeuua
734 3079 861 3145 ostendit,
877 3080 923 3149 qui
940 3079 1022 3143 idem,
1040 3080 1109 3149 qued
1121 3078 1345 3149 Constantinopoli
1357 3080 1401 3133 ab·

249 3174 364 3236 rogatum
382 3167 497 3231 dixerat,
517 3168 581 3220 alibi
599 3173 740 3229 terrarum,
762 3172 788 3219 et
803 3166 831 3219 iu
849 3164 983 3218 occidente
1000 3180 1031 3217 ac
1048 3164 1146 3217 Romae
1164 3165 1326 3233 petissintuur
1345 3180 1402 3234 par·

249 3268 375 3305 astenses
391 3252 480 3315 decet,
500 3252 571 3323 qued
589 3251 735 3305 cuiusmodi
751 3256 823 3303 esset
838 3265 973 3319 expensus
993 3250 1093 3303 nullum
1114 3250 1192 3301 aliurn
1214 3250 1264 3301 nisi
1281 3250 1401 3318 publicae

248 3339 417 3406 poeniteutiae
427 3339 506 3391 ritum
517 3336 661 3407 significat,
673 3337 771 3389 luctum
780 3334 913 3397 videlicet,
925 3334 1052 3402 iacrymas
1064 3350 1123 3387 cum
1136 3335 1320 3405 poenitentium
1333 3336 1401 3404 ipse·

249 3439 315 3487 ruas,
329 3431 385 3477 tum
396 3424 512 3494 episcopi
523 3424 606 3493 ipsius
618 3436 649 3474 ae
659 3422 740 3475 tetius
751 3421 855 3491 pepuli,
870 3420 902 3473 ad
915 3418 978 3473 baec
990 3420 1098 3483 ieiunia,
1115 3420 1217 3473 craltraa
1229 3420 1358 3473 erutiones
1370 3434 1401 3472 ao

250 3510 383 3572 stationae,
393 3516 520 3561 sexcenta
529 3506 556 3560 id
567 3522 666 3576 geues,
678 3522 790 3575 querum
800 3506 967 3559 iuratoribus
977 3504 1093 3558 conciliis
1102 3520 1132 3557 ac
1141 3514 1288 3557 sanctorum
1297 3512 1401 3575 patrum

249 3594 419 3648 menameutia
428 3593 552 3662 trequm
562 3596 603 3645 eat
612 3598 639 3645 et
649 3598 771 3645 accurata
780 3592 887 3645 mentio.
922 3590 1048 3661 Nuspiam
1064 3598 1150 3645 autem
1168 3590 1285 3661 publicae
1300 3590 1401 3645 conlea-

250 3680 325 3733 aiouis
334 3694 413 3733 usum
423 3694 458 3731 ue
468 3678 545 3731 litera
555 3676 659 3747 quidem
670 3678 781 3747 attigere
791 3675 913 3730 Socrates
927 3691 958 3729 ae
970 3676 1142 3739 Seaemenus3
1160 3692 1243 3747 neque
1260 3692 1334 3746 perce
1350 3678 1401 3747 prl-

249 3772 332 3829 ratae,
348 3764 390 3817 rei
400 3762 585 3827 confessionis,
601 3762 642 3815 rel
659 3763 833 3833 poenitentiae
849 3762 1035 3826 meminerunt;
1053 3778 1130 3832 qnam
1149 3770 1283 3832 utramque
1301 3764 1401 3816 sairam

250 3856 322 3920 atque
337 3850 495 3903 incolumem
512 3849 590 3917 etiam
608 3846 834 3918 Constantinopoli
851 3848 979 3901 mansisse
997 3848 1093 3901 nemini
1113 3846 1219 3901 dubium
1240 3862 1298 3901 esse
1318 3848 1400 3903 debet

249 3933 333 4005 licque
343 3948 492 4004 quenquam
505 3939 620 3996 mereat,
637 3932 706 4003 qued
719 3932 839 3987 Socrates
851 3932 968 3995 subiicit,
985 3932 1175 3986 Eudaemonem
1188 3933 1280 3997 istum,
1296 3935 1339 4003 qui
1352 3932 1400 3986 lle·

249 4022 324 4073 narie
340 4018 486 4088 abrogandi
503 4018 695 4088 poenitentiarii
715 4017 859 4089 presbyteri
875 4018 1013 4071 consilium
1034 4017 1114 4081 dedit,
1135 4015 1264 4071 hortatum
1285 4034 1353 4081 mee,
1374 4022 1402 4070 ut

250 4119 457 4175 unumquemque
467 4119 533 4156 auae
544 4104 718 4157 conscientiae
728 4103 896 4173 relinqueret:
908 4104 1069 4172 συγχωρῆσαι
1081 4101 1107 4154 il
1119 4100 1220 4154 dcccmo
1232 4108 1268 4171 τῷ
1281 4100 1335 4172 tete
1347 4120 1401 4153 eev-
1502 4112 1503 4117 ’

249 4190 317 4243 netu
328 4192 380 4241 τῶν
390 4188 531 4259 μυστηρίων
543 4186 664 4258 paripate:
693 4187 727 4240 tn
739 4200 830 4257 suopte
841 4192 995 4240 marcionita
1001 4192 1088 4255 frema
1106 4192 1204 4257 sineque
1218 4198 1317 4241 secante
1333 4188 1401 4239 erii-

249 4280 318 4327 trina
329 4277 451 4342 apeme-iu
464 4284 615 4342 capesseret
631 4272 698 4326 Nam
709 4271 773 4325 illud
784 4273 851 4327 iuter
862 4272 1023 4342 antiquitatis
1035 4272 1223 4325 ecclesiasticas
1235 4273 1329 4343 parites
1341 4286 1401 4323 cen·

248 4362 327 4425 amit,
341 4359 475 4431 publicam
486 4358 549 4411 oiim
560 4358 758 4428 poeniteutiam,
775 4356 824 4411 bec
835 4363 876 4411 eet
884 4373 983 4428 peenas
994 4358 1077 4427 ipsas,
1095 4357 1188 4427 quibus
1200 4356 1401 4421 satisfaciebant,

249 4460 387 4515 earumque
396 4450 502 4514 tempus
512 4458 545 4497 ae
559 4430 686 4497 rationem
701 4449 756 4497 tam
771 4449 921 4497 cenatanter
937 4458 967 4495 ae
984 4456 1073 4495 severe
1090 4448 1116 4495 at
1132 4442 1164 4495 ad
1182 4458 1296 4512 unguem
1315 4444 1401 4495 obaer-

249 4544 319 4585 tasse
335 4530 451 4599 priscam
466 4528 616 4593 ecclesiam,
632 4533 662 4582 ut
678 4534 738 4581 aute
753 4529 851 4581 iustam
868 4544 898 4581 ae
913 4528 1055 4597 legitimam
1067 4527 1141 4581 'illius
1153 4526 1311 4581 functionem
1328 4526 1401 4581 nolas

250 4630 300 4669 esse
316 4620 424 4686 putaret
441 4612 474 4666 ad
489 4629 582 4684 pacem
598 4618 626 4666 et
641 4614 852 4667 communionem
868 4612 997 4667 accedere.
1031 4612 1096 4665 Hine
1113 4628 1185 4666 aeres
1196 4626 1226 4664 ac
1237 4611 1400 4667 uehementes

249 4698 303 4754 illae
314 4699 441 4771 Oppriaui
455 4699 607 4768 praesertim
619 4698 751 4768 querelae,
768 4712 834 4768 quas
850 4698 878 4751 in
894 4698 960 4750 libre
975 4696 1122 4768 delapsis,
1138 4704 1165 4750 at
1180 4696 1207 4750 iu
1225 4696 1345 4768 Epistelis
1362 4699 1401 4753 iu·

252 4786 338 4839 sulcat.
355 4786 424 4837 Arce
432 4787 538 4853 uptote
550 4784 645 4837 delicte
656 4784 705 4852 [ait
720 4784 787 4837 libre
798 4782 830 4836 de
841 4782 954 4854 Lepsia),
967 4792 1025 4835 erate
1036 4782 1231 4851 eciemelepcaa'n
1236 4786 1339 4851 sectum
1351 4788 1401 4837 cri·

252 4874 333 4936 aiaa‘a,
350 4880 412 4925 cata
422 4878 565 4939 perpetum
580 4872 760 4923 commenticia
771 4871 901 4938 sacrificio
912 4876 938 4921 ct
947 4886 1021 4921 mena
1033 4870 1186 4933 recedetis,
1202 4878 1261 4923 enta
1277 4872 1396 4942 offensem
1425 4898 1450 4939 ρ,
1460 4884 1504 4929 aaa
