3650 5642
428 624 531 681 OGXVI

427 782 552 851 simisque
563 779 707 833 mtiouibus
718 780 849 851 evertitur.
883 779 935 835 Sed
946 784 1075 851 repugnat
1086 794 1146 850 pree
1158 780 1265 833 coeteris
1279 779 1434 849 ςτιιιιιὶιιι
1448 778 1478 834 S.
1490 777 1579 832 Leonis

428 866 584 920 sanctissimi
594 864 725 935 pontificis
736 866 890 931 auctoritas,
906 867 953 936 qui
969 865 1035 919 banc
1050 864 1254 935 profitendorum
1270 865 1374 935 publice
1386 864 1515 917 scelerum
1526 880 1581 917 ιιι-

427 950 590 1005 suetudinem
608 957 734 1021 tauquam
754 950 911 1022 apostoticae
931 950 1036 1021 regnlse
1057 943 1212 1003 contrariam
1231 950 1360 1020 improbat
1376 948 1496 1020 Epistels
1508 966 1581 1003 mn

427 1052 484 1107 cap.
496 1036 520 1089 t.
555 1034 634 1089 Cuius
646 1037 725 1089 rerba
735 1036 777 1089 hic
789 1037 895 1090 omnino
907 1034 1075 1089 describenda
1085 1042 1154 1089 sunt
1189 1036 1278 1101 Illum,
1294 1035 1391 1105 iuquit,
1408 1039 1486 1087 etiarn
1498 1044 1582 1087 coneo

428 1122 592 1193 apostolicum
607 1122 721 1191 reputant
733 1126 975 1192 praeumptionem,
993 1138 1068 1191 quant
1085 1138 1165 1191 ttuper
1182 1124 1274 1189 opnoei
1292 1140 1308 1173 o
1326 1121 1475 1191 quibusdam
1493 1121 1582 1171 illicito

426 1209 590 1276 usurpatione
601 1210 731 1271 conmitti,
745 1209 825 1260 modia
836 1208 946 1259 omnibus
959 1209 1080 1259 constituo
1090 1206 1231 1259 submoueri
1241 1207 1284 1267 (de
1291 1209 1449 1275 poenitentis
1461 1206 1583 1267 videlieet,

427 1310 491 1361 quoe
503 1296 540 1344 ito
552 1312 569 1344 a
575 1293 695 1361 fidelibus
702 1294 872 1362 postulatur),
889 1308 919 1342 ne
933 1292 963 1343 de
979 1292 1132 1359 eloquiorum
1140 1300 1304 1361 peccatorum
1314 1307 1406 1359 ponere
1417 1290 1515 1343 libellos
1525 1294 1583 1342 scri·

422 1388 472 1447 pta
482 1381 605 1446 professio
612 1379 715 1446 publice
725 1382 854 1440 recitetur,
867 1394 922 1428 curn
934 1386 1021 1429 reatus
1036 1380 1247 1429 conscientiarum
1261 1379 1377 1445 suspiciat
1389 1377 1453 1429 solis
1468 1376 1584 1428 suendo·

428 1462 526 1515 dotilm
536 1464 654 1515 indicari
664 1467 818 1532 consessione
827 1471 935 1513 secreto.
973 1462 1095 1523 Ωιιαιιιιιιι
1110 1466 1175 1514 enirn
1187 1463 1318 1531 plenitudo
1324 1462 1390 1531 fidei
1400 1462 1522 1514 videaur
1536 1478 1583 1511 ene

428 1548 574 1612 laedendo,
590 1566 653 1617 quoe
665 1557 773 1617 propter
783 1549 826 1599 dei
836 1551 948 1599 timoren
960 1549 1032 1617 opud
1042 1547 1152 1599 Ιιιιιιίιιει
1163 1548 1309 1599 conducere
1320 1564 1368 1599 non
1378 1557 1491 1611 vererer,
1507 1554 1584 1597 tontes

427 1636 487 1701 quta
498 1650 547 1684 non
558 1636 665 1684 ιιιιιιιιιι
676 1632 817 1685 huiuamodi
827 1641 886 1683 sunt
891 1641 1004 1703 peccato
1010 1670 1018 1695 ,
1034 1643 1063 1685 ιιι
1077 1650 1108 1684 ec
1114 1670 1122 1695 ,
1139 1650 1203 1700 quae
1210 1635 1392 1701 poenitentiaea
1398 1641 1525 1700 poscunt,
1540 1648 1584 1681 aon

427 1721 533 1769 ιιιιιιιιι
534 1718 682 1786 publicare,
691 1726 849 1769 renoventur
858 1726 909 1769 tum
918 1718 1092 1787 improbabilis
1102 1718 1264 1780 consuetudo,
1272 1735 1303 1769 ne
1313 1718 1383 1769 note
1391 1734 1409 1768 o
1414 1719 1584 1785 poenitentioe

427 1804 546 1854 remediis
557 1812 703 1865 arceantur,
715 1804 773 1853 dum
785 1810 831 1854 aot
841 1804 1000 1866 erubescunt,
1018 1810 1063 1855 out
1078 1811 1189 1855 metuont
1198 1805 1309 1854 inimicis
1320 1805 1455 1869 consucta
1467 1802 1583 1861 roeeruri,

427 1888 515 1958 quibus
521 1891 620 1957 possint
629 1890 710 1955 tepens
722 1891 895 1939 consttutione
902 1889 1019 1957 percelli.
1052 1887 1154 1956 Sufficit
1164 1890 1228 1939 enies
1239 1888 1288 1939 illo
1304 1889 1437 1955 confessio,
1454 1904 1523 1955 qaue
1533 1888 1583 1953 pri·

427 1990 492 2024 nutu
502 1974 549 2024 deo
560 1975 674 2041 offertor,
683 1981 734 2023 tune
746 1978 823 2024 etiarn
834 1974 975 2036 secerdoti,
992 1976 1036 2042 qui
1047 1990 1097 2041 pro
1114 1974 1214 2025 delictis
1226 1976 1395 2040 poenitentum
1407 1980 1535 2040 precator
1545 1986 1583 2021 ut·

429 2059 504 2111 cedit.
537 2056 585 2110 llis
603 2057 741 2110 verborum
758 2058 995 2127 sententiarumque
1019 2056 1171 2111 fulminibus
1190 2062 1366 2109 commentum
1384 2054 1451 2109 illud
1471 2054 1584 2126 publius

427 2141 599 2196 consessionis
610 2142 764 2212 percellitur.
798 2142 828 2195 Si
840 2142 910 2195 enirn
921 2158 955 2195 ne
965 2142 1112 2195 nolentibus
1124 2141 1228 2211 quidem
1239 2146 1317 2211 atque
1329 2142 1395 2195 ultro
1406 2139 1584 2211 flagitantsbm

426 2228 563 2282 eriminum
579 2229 631 2281 reis
647 2229 750 2299 publice
765 2229 817 2281 ieta
832 2228 997 2298 pronunciari
1013 2242 1107 2297 passus
1125 2232 1175 2291 est,
1191 2242 1302 2297 eamque
1318 2234 1409 2280 contro
1424 2228 1584 2279 traditiones

394 2348 401 2365 .
427 2314 593 2384 apostolieum
600 2318 830 2383 praesumptionem
841 2329 898 2365 esse
916 2312 1018 2377 definit,
1034 2318 1107 2365 estne
1122 2318 1151 2365 ut
1167 2312 1291 2365 reiectum
1308 2328 1339 2365 ee
1355 2311 1510 2365 damnatum
1524 2309 1584 2363 tami

426 2398 556 2470 pontificis
572 2398 668 2452 iudicio
683 2415 782 2451 morem
797 2398 943 2468 legitimum
960 2398 1100 2467 aliquando
1118 2397 1198 2450 luisse
1216 2402 1336 2467 putemus
1359 2403 1385 2450 et
1401 2396 1536 2451 communi
1551 2396 1582 2448 ab

428 2486 548 2539 omnibus
560 2486 684 2537 ecclesiae
695 2486 750 2537 iure
762 2487 911 2536 cerretum?
946 2484 1048 2536 Atenim
1060 2484 1175 2553 plerique
1186 2483 1224 2535 sic
1236 2482 1403 2552 respondente
1430 2482 1546 2536 Leonem
1556 2481 1583 2533 de

427 2572 534 2624 occultis
552 2570 680 2623 donarat
696 2568 846 2621 criminibus
863 2570 948 2637 loqui,
967 2584 1034 2638 quae
1045 2569 1146 2638 publice
1163 2567 1280 2621 confiteri
1294 2582 1371 2621 neme
1387 2568 1521 2632 debuerit,
1536 2582 1583 2619 non

428 2663 514 2709 autem
531 2655 562 2706 de
579 2655 702 2723 publicis,
721 2669 786 2723 quae
798 2654 876 2707 unica
887 2654 1007 2723 publicae
1019 2654 1189 2707 confessionis
1202 2668 1278 2722 seges
1291 2652 1384 2707 extitit
1418 2651 1583 2706 Commodius

426 2741 471 2793 isti
488 2756 565 2803 sene,
583 2740 628 2808 qui
644 2739 678 2791 ab
693 2737 743 2791 hec
758 2738 857 2808 publici
867 2738 926 2808 lege
938 2738 1069 2791 dedecoris
1082 2738 1183 2791 occulta
1195 2738 1287 2791 saltem
1304 2738 1450 2807 excipiunt:
1468 2737 1540 2807 quod
1554 2752 1583 2788 ne

427 2825 472 2877 alii
488 2824 592 2893 quidem
608 2824 751 2876 remittunt
785 2822 901 2885 Quorum
918 2824 1045 2876 nonnulla
1060 2824 1192 2877 temeritas
1204 2822 1347 2876 Tridentini
1365 2823 1469 2876 concilii
1480 2838 1544 2876 rone
1557 2836 1583 2873 ιι

427 2908 530 2961 decreto
540 2913 654 2961 notetur.
680 2906 782 2960 Etenim
794 2906 865 2962 Sese.
873 2926 928 2961 mr.
940 2924 1028 2979 ceps,
1042 2924 1101 2961 cum
1113 2908 1244 2961 docuisset
1254 2908 1384 2978 publicam
1396 2907 1584 2961 consensionem

428 2994 494 3046 nudo
506 2995 592 3045 etune
598 3001 738 3062 praecepto
750 2995 900 3045 mundatoris
909 2993 1004 3057 tuisse,
1016 2994 1104 3047 stetim
1117 2993 1216 3057 adficit,
1228 3010 1274 3046 uec
1283 2997 1348 3045 ιιιιι
1357 2994 1468 3045 connire
1475 2993 1584 3045 Ιιιιιιιιιι

428 3080 516 3148 eliqua
525 3079 787 3149 leqepruecc'peretur,
798 3089 827 3131 ot
834 3080 929 3131 delicto
934 3118 941 3142 ,
949 3082 1102 3149 praesertim
1111 3087 1223 3140 secretu,
1229 3078 1336 3147 publico
1345 3086 1425 3131 cuent
1433 3084 1584 3147 consec-bne

428 3165 578 3236 operiendo.
611 3162 733 3217 Divinum
745 3180 850 3234 prorsus
861 3178 892 3217 se
902 3170 977 3217 tanto
989 3180 1114 3217 consessu
1125 3164 1234 3233 dignum
1252 3163 1398 3227 oraculum,
1414 3179 1448 3215 ex
1466 3180 1521 3233 quo
1535 3178 1584 3215 ιιι

427 3250 505 3306 medo
517 3250 548 3302 de
559 3254 718 3303 secretorum
729 3250 879 3313 criminum,
890 3250 936 3303 sed
949 3250 1028 3303 etism
1039 3249 1200 3320 publicorum
1212 3248 1317 3318 publica
1327 3247 1488 3317 protensione
1502 3248 1585 3317 colligi
1624 3296 1625 3305 ,

427 3342 514 3408 potest
523 3336 596 3389 nulla
606 3350 722 3403 unquam
733 3334 859 3399 humma,
870 3333 919 3388 boc
932 3341 972 3388 est
983 3334 1158 3387 ecclesiastice
1169 3334 1239 3402 lege,
1257 3348 1337 3402 quam
1352 3333 1437 3387 divine
1448 3340 1583 3403 praecepto

427 3422 570 3475 'itidentiui
580 3426 667 3490 patres
678 3426 825 3489 opponunt
841 3420 1035 3488 poenitentibus
1050 3418 1199 3488 impositam
1214 3417 1308 3481 luisse,
1325 3434 1355 3471 ac
1371 3434 1404 3471 ne
1418 3418 1584 3489 imponiqui·

428 3506 488 3559 dem
499 3505 637 3575 prudenter
647 3506 771 3573 potuisse
805 3503 940 3571 Siquidem
951 3520 1003 3556 rex
1019 3504 1063 3556 illu
1070 3507 1222 3572 praetorum
1234 3501 1301 3557 hene
1311 3502 1425 3557 habet
1401 3520 1468 3568 um
1485 3510 1516 3557 ut
1532 3518 1584 3555 cae·

428 3596 485 3643 tera
495 3606 599 3659 quoque
610 3604 702 3658 pamm
711 3589 828 3641 consulte
837 3588 1003 3656 pronunciari
1011 3594 1171 3653 censeantur,
1183 3587 1299 3657 adeoque
1308 3604 1374 3658 quse
1383 3588 1476 3641 delllis
1483 3588 1584 3659 publice

429 3673 581 3727 confitendis
592 3674 645 3725 lata
655 3672 733 3724 tuerit
743 3674 786 3725 lex
798 3673 946 3725 inconsulte
957 3674 991 3727 sit
1001 3674 1159 3743 minimeque
1171 3672 1295 3743 prudens,
1311 3674 1360 3727 etsi
1375 3674 1457 3727 altere
1472 3690 1541 3743 quse
1555 3671 1584 3723 de
1624 3672 1625 3743 t

428 3759 535 3813 secretis
546 3758 615 3810 idem
626 3763 751 3810 statueret
755 3756 923 3826 ‚prudentiae
936 3758 1021 3811 minus
1033 3757 1135 3813 hebeat.
1163 3760 1279 3829 Apparet
1289 3759 1368 3828 igitur
1380 3774 1412 3811 ex
1424 3758 1585 3812 'tridentino-
1624 3804 1625 3813 ,

428 3860 485 3897 rum
497 3842 545 3897 Pl’.
561 3858 640 3895 seusu
656 3841 756 3893 nnllam
772 3858 888 3911 unquam
905 3843 1052 3897 istiusmodi
1068 3844 1154 3913 legem
1172 3843 1304 3907 extitisse,
1322 3858 1388 3913 quae
1405 3842 1438 3895 sd
1454 3844 1584 3913 publium

429 3943 641 3999 quoruncumque
651 3932 815 3997 peccatorum
827 3927 1017 3981 contessionem
1029 3928 1191 3998 poenitentes
1203 3927 1382 3997 adstringeret.
1398 3926 1484 3991 Quare
1493 3928 1584 3983 Leonis
1624 3960 1625 3987 t

429 4014 508 4068 etiam
519 4012 649 4065 decretum
661 4012 694 4066 ad
705 4012 794 4065 omnia
808 4018 971 4082 peccatorum
988 4030 1084 4083 genere
1099 4014 1217 4084 pertinet.
1252 4014 1337 4082 Atque
1348 4014 1390 4066 rel
1405 4030 1439 4067 ex
1454 4030 1500 4077 eo,
1518 4010 1583 4084 qued
1624 4050 1625 4071 ι

428 4098 503 4153 lateri
514 4097 558 4150 isti
568 4104 706 4167 coguntur,
721 4097 826 4167 publica
840 4098 927 4150 solum
943 4098 1052 4151 crimina
1063 4097 1209 4152 confitendo
1220 4098 1313 4163 luisse,
1330 4114 1384 4153 ιιι
1400 4098 1516 4163 emulis,
1530 4096 1583 4150 nul·

428 4186 482 4238 lem
493 4182 598 4236 omnino
610 4182 799 4236 contessionem
808 4182 938 4252 publicem
950 4184 1008 4252 lege
1018 4184 1189 4237 constitutam
1194 4200 1252 4237 esse
1261 4182 1420 4237 nitidissime
1427 4182 1582 4253 probabitur.

429 4270 531 4325 Etenim
543 4284 603 4321 cum
618 4268 652 4319 ob
668 4268 788 4336 gravius
803 4267 931 4320 duntsxat
946 4274 972 4320 et
987 4270 1107 4339 capitolia
1123 4268 1220 4322 seelera
1231 4268 1390 4338 poenitentis
1400 4267 1505 4337 publica
1516 4282 1583 4339 prae·

430 4356 526 4425 scripta
536 4355 583 4419 sit,
595 4352 640 4422 qui
651 4350 714 4404 haec
725 4352 827 4421 publice
839 4353 1011 4421 omnibusque
1020 4355 1131 4407 consciis
1140 4354 1299 4419 admisisset,
1311 4368 1372 4406 cum
1382 4352 1485 4424 publice
1496 4357 1581 4423 pestes

429 4441 583 4511 poeniteret,
600 4437 661 4507 quid
677 4452 709 4489 es
724 4436 840 4490 confiteri
851 4454 957 4491 necesse
968 4437 1069 4501 hebuit,
1086 4444 1131 4491 ant
1142 4440 1187 4509 qui
1198 4438 1301 4491 medem
1313 4439 1340 4491 iu
1351 4438 1403 4492 illis
1414 4438 1518 4508 publice
1528 4452 1581 4509 pru·
1624 4504 1625 4511 ἵ

429 4524 533 4578 fitendis
544 4523 627 4594 pudor
638 4538 669 4576 ae
679 4521 847 4586 verecundia,
864 4524 908 4576 cui
918 4523 945 4575 in
957 4522 1107 4593 ebrogsnda
1118 4523 1282 4577 confessione
1293 4523 1426 4577 Nectarins
1439 4524 1580 4577 comultum
1624 4546 1625 4561 ι

431 4610 631 4663 ιιιιιιιιιιιιι
665 4607 955 4671 QueriturSoaomeuus
971 4606 1134 4662 sublatohoe
1150 4610 1220 4679 ipso,
1238 4608 1525 4679 quodcunquetandsm
1536 4605 1580 4660 Ne·
1624 4594 1625 4637 i

431 4694 526 4748 ctariue
538 4694 693 4765 antiquavit,
704 4693 776 4745 velut
784 4692 874 4747 ιιιιιι
886 4692 998 4764 quodam
1009 4694 1136 4757 detracto,
1147 4694 1272 4747 maiorem
1281 4694 1399 4748 adomne
1411 4694 1495 4747 scelus
1507 4694 1580 4748 lieen-
1624 4744 1625 4761 ἶ

430 4780 494 4833 tiam
505 4778 623 4833 homines
633 4778 768 4843 bsbuisse,
783 4794 844 4831 cum
859 4788 920 4832 ante
932 4780 973 4843 τῆς
985 4776 1125 4849 ticinello<
1139 4784 1223 4832 metus
1234 4780 1293 4835 illos
1305 4794 1336 4833 ιι
1346 4778 1503 4833 verecundis
1513 4776 1578 4831 coir·
1624 4778 1625 4843 ζ

432 4869 507 4921 cenet
541 4862 628 4920 Nostri
638 4863 688 4918 hec
700 4862 875 4934 sdpubliesm
886 4863 1076 4921 contessionem
1087 4864 1253 4919 tunoleum.
1287 4861 1578 4934 si‚utr01uut,pubti·
