3650 5642
409 589 450 654 72
737 599 918 652 smoonea
935 599 973 652 ru
989 599 1142 652 narratu.
1160 601 1233 652 osu.

408 720 682 788 Hamann01dViger.
701 739 726 786 p.
738 723 795 769 708.
814 718 917 770 Sulutne
936 719 1054 770 orationis
1072 719 1185 789 exempla
1203 718 1326 770 dederuut
1343 722 1441 772 Abmob
1455 717 1474 768 l.
1489 737 1514 769 a.
1533 727 1561 769 et
1623 709 1624 764 J

409 809 480 858 Lect.
500 806 620 858 Aristaeo.
640 825 664 874 p.
675 809 733 856 200.
768 808 869 857 belem
886 804 920 855 ed
936 808 1063 857 llerodt'an.
1080 805 1120 857 ed.
1140 805 1248 856 lrmiscb.
1267 807 1298 856 T.
1311 807 1341 856 ll.
1360 823 1383 873 p.
1393 809 1444 856 881.
1469 807 1561 855 Webe-
1623 793 1624 840 l

409 895 471 958 field.
490 891 549 942 Silv.
575 891 634 941 crit.
660 894 702 941 tv.
723 895 780 941 180.
805 909 829 957 p.
845 895 901 940 104.
917 907 954 959 sq.
996 893 1085 942 locabo.
1110 890 1142 940 ad
1169 890 1261 941 Aelian.
1285 890 1350 941 lliot.
1376 890 1448 943 Διὶσι
1470 909 1501 956 γν-
1520 894 1564 940 5⁰.

409 978 521 1030 muna.
540 977 762 1038 Quaesturam.
780 993 806 1043 p.
819 979 875 1026 159.
894 993 932 1044 sq.
1468 1034 1472 1040 ‚
1623 965 1624 986 ³

479 1063 505 1112 P.
523 1063 571 1110 886
591 1061 678 1128 (726).
711 1058 978 1127 συνεσκευάσθη
1058 1060 1115 1114 καλ
1140 1059 1285 1128 ἐξεσύθη]
1312 1061 1351 1111 tle
1369 1061 1421 1129 qais
1436 1061 1483 1112 boe
1503 1060 1565 1111 loco

409 1145 528 1212 ἐξεώσθη
546 1163 593 1212 pra
610 1142 711 1213 ἐξεσύθη
729 1157 756 1196 et
772 1147 797 1196 in
814 1163 884 1213 seqq.
902 1144 997 1208 ἐξῶσαι
1015 1163 1061 1213 pru
1079 1144 1187 1208 ἐξιῶσαι
1208 1144 1340 1213 legendum
1359 1146 1483 1206 conliniet,
1513 1145 1564 1194 vid.
1623 1169 1624 1196 ι

410 1242 496 1282 annot.
513 1229 540 1281 iu
557 1232 589 1282 T.
602 1233 633 1305 ll.
651 1250 675 1299 p.
687 1235 736 1282 ⁶54
756 1233 840 1298 (802).

479 1317 504 1367 l’.
521 1320 571 1366 886
584 1316 670 1382 (726).
695 1322 767 1376 τοῖς
783 1319 970 1383 κληρικοίς
986 1323 1060 1376 τοῖς
1079 1314 1140 1371 tat
1158 1311 1370 1372 ’Abauaotau
1391 1307 1475 1384 ούοι]
1493 1317 1565 1366 Sari-
1623 1349 1624 1390 γ

410 1402 533 1454 bendum:
561 1398 610 1456 ύπό
627 1395 785 1455 ’Δῢανάοιον
823 1400 917 1450 Confer
933 1401 1009 1452 modu
1026 1419 1050 1468 p.
1069 1405 1118 1452 588
1138 1403 1212 1468 (727)
1238 1401 1373 1469 ἐκκλησίαι
1390 1398 1436 1456 tat
1454 1399 1498 1454 tva
1517 1396 1565 1465 :ip-
1623 1395 1624 1398 ¹

410 1487 570 1558 χιοπίοκονοον
588 1476 671 1540 ούσαι.
707 1486 817 1553 Longius
842 1485 928 1536 dissita
953 1496 1024 1545 suat,
1052 1497 1161 1538 attamen
1180 1505 1210 1536 ex
1229 1487 1315 1538 endem
1333 1487 1358 1536 ri
1376 1485 1569 1555 praepositionis

410 1570 459 1628 ύπό
477 1573 540 1624 baec
556 1572 680 1624 linxerant
697 1574 727 1623 Τ.
745 1574 787 1622 tlt.
805 1591 829 1639 p.
845 1575 897 1622 418
916 1572 1009 1638 (1042)
1034 1565 1163 1638 άνιτράφη
1181 1609 1207 1622 ..
1227 1569 1276 1625 tat
1301 1569 1343 1625 τάν
1362 1566 1468 1638 Ἰωσιζρ
1508 1571 1568 1620 wo.
1623 1555 1624 1644 l

413 1660 499 1710 Winer.
518 1660 627 1709 Graiam.
646 1655 734 1708 ldiom.
753 1658 785 1706 N.
795 1657 825 1708 Τ.
845 1675 869 1724 p.
881 1662 940 1706 844.
1623 1645 1624 1652 ¹

479 1744 571 1793 Ρ.688
589 1744 674 1811 (727).
708 1741 768 1795 καὶ
792 1737 958 1809 alpaidus
984 1736 1062 1807 ἤτοι
1087 1742 1230 1810 λαυρῶν]
1256 1743 1350 1812 Δοβῶν
1374 1742 1399 1791 in
1424 1743 1568 1793 edl'ersr.
1623 1733 1624 1776 l

410 1845 506 1878 meram
521 1838 561 1878 est
578 1829 666 1880 vitiam
682 1843 775 1896 operae
799 1827 991 1895 typographiam
1019 1843 1075 1876 anm
1092 1827 1116 1876 iu
1137 1827 1305 1878 Animadvern.
1325 1847 1350 1895 p.
1367 1831 1425 1878 282.
1443 1827 1569 1895 vulgatam

412 1914 511 1982 λαβρῶν
529 1923 618 1965 exstat.
653 1913 761 1979 Δαυρῶν
777 1923 861 1962 autem
877 1911 951 1963 scribi
963 1915 1075 1964 Patauino
1092 1921 1160 1962 recte
1176 1911 1246 1962 iussit
1264 1921 1317 1962 tum
1335 1913 1360 1962 in
1378 1913 1487 1980 margine
1504 1930 1567 1962 aaa·
1623 1935 1624 1970 1

410 2006 511 2064 textus,
537 2008 590 2048 tam
610 1998 780 2049 Animaduers.
798 1999 815 2047 l.
835 2016 856 2047 a
884 1999 921 2046 De
940 2009 1077 2065 perpetuu,
1095 2014 1168 2064 quarn
1185 1995 1253 2047 idem
1270 1997 1295 2046 in
1316 1996 1483 2049 Animadvers.
1505 1998 1568 2048 atti·

411 2099 458 2167 git,
476 2100 623 2150 conluuione
639 2100 766 2151 literarum
784 2102 800 2168 β
817 2109 842 2149 et
858 2084 941 2152 ovid.
958 2109 1045 2149 sanat.
1064 2099 1088 2148 iu
1107 2103 1185 2149 Ellam
1205 2103 1264 2150 Cret.
1282 2098 1329 2150 cul.
1348 2103 1396 2150 772
1416 2101 1465 2168 (8).
1495 2099 1568 2168 Apud
1623 2135 1624 2146 .

413 2187 577 2248 Epiphaniam
592 2187 623 2237 Τ.
641 2187 684 2235 lll.
703 2204 727 2252 p.
737 2189 787 2234 482
806 2186 900 2252 (1078)
919 2178 1000 2254 ἅβρας
1018 2183 1137 2235 mendose
1153 2184 1227 2234 scribi
1245 2184 1342 2234 solebat
1359 2196 1420 2236 ante
1437 2189 1569 2247 otum,

413 2269 455 2337 qai
472 2263 554 2335 σύρας
570 2273 663 2322 Petam
679 2288 752 2320 suasu
770 2270 888 2338 reposuit.

481 2356 573 2405 itote
592 2357 677 2422 (781).
712 2349 779 2410 οὔτ’
798 2353 957 2424 ἐπινοίᾳ,
983 2348 1569 2423 οὔτ’άτόμῳτινλπροάγειάΒοὲς
1623 2349 1624 2378 ³

412 2439 470 2493 τοῦ
487 2440 576 2506 υἱοῦ]
595 2441 635 2490 Ne
652 2440 706 2508 quis
725 2441 834 2491 fortasse
851 2439 884 2488 de
901 2439 1003 2508 προέχει
1021 2439 1166 2508 reponendo
1185 2441 1292 2508 cogitet:
1310 2437 1430 2508 προάγειν
1447 2441 1498 2491 bae
1513 2439 1570 2489 loon

414 2531 569 2589 esttempore
584 2529 729 2589 ρνσισιιιιιι.
764 2525 906 2590 Cl.p.596
927 2521 1237 2594 (781)προύπάρχει
1259 2521 1273 2579 ὁ
1298 2523 1503 2585 θεάςτσύυὶοῦ.
1543 2524 1569 2573 ld
1623 2529 1624 2608 γ

413 2609 482 2677 quod
506 2622 544 2661 est
568 2613 649 2661 urdine
673 2626 702 2661 aa
719 2613 832 2673 dipnitote
847 2613 986 2672 praecedere
1010 2606 1126 2676 προάγειν
1151 2611 1216 2660 valet
1239 2612 1269 2661 T.
1288 2613 1329 2662 tlt.
1356 2629 1378 2678 p.
1398 2615 1446 2660 476
1465 2611 1570 2676 (1076).
1623 2619 1624 2664 l

413 2694 509 2746 lisdem
526 2695 563 2744 vis
580 2695 650 2744 verbi
668 2691 801 2761 ύπεράγειν
819 2696 850 2745 Τ.
863 2697 906 2744 lll.
925 2712 948 2760 p.
963 2699 1012 2762 218
1032 2697 1115 2762 (628).
1623 2693 1624 2744 l

482 2779 568 2828 8686
586 2781 672 2845 (781).
706 2777 764 2832 τὸν
786 2777 859 2832 ulii
885 2777 1058 2846 λεγόντων
1084 2777 1355 2846 οἱμλνέρυγήν,
1382 2779 1569 2846 οἱδέπρσ·

414 2860 517 2932 βολήν
541 2857 740 2931 ἀγέννητον]
769 2864 839 2913 llaec
856 2868 906 2915 Arii
932 2864 1007 2915 verba
1030 2883 1060 2914 ex
1079 2868 1212 2916 Tbeuduretl
1232 2863 1296 2914 llist.
1316 2865 1383 2916 Eccl.
1403 2867 1420 2916 l.
1438 2872 1475 2926 4.,
1506 2882 1569 2934 quse

413 2952 598 3015 euscarpius
617 2949 692 3015 (782]
711 2949 742 2998 ab
760 2951 815 3000 Ario
831 2947 863 2998 de
884 2953 1004 3000 Valentino
1021 2949 1087 3000 dicta
1106 2961 1211 3010 exstant,
1230 2966 1261 2998 ex
1272 2953 1400 3002 Athanasio
1420 2954 1455 3002 De
1472 2949 1568 3019 synod

414 3051 467 3101 oap.
478 3037 517 3083 16.
535 3033 608 3084 attuli
625 3034 658 3084 nd
676 3037 751 3086 tlara.
762 3037 871 3098 liupeniu.
891 3053 916 3100 p.
927 3037 968 3084 48.
987 3035 1028 3084 ubi
1045 3033 1168 3084 illustravi
1187 3034 1355 3100 theologicam
1376 3037 1442 3086 vacis
1459 3031 1568 3105 προβολὴ

413 3135 493 3182 usam,
510 3135 583 3186 quem
595 3123 667 3171 Arius
683 3138 708 3187 p.
720 3123 769 3169 588
782 3119 858 3186 (788)
877 3118 967 3168 iterum
986 3129 1066 3170 nutat.
1103 3119 1174 3168 Adde
1191 3131 1277 3168 uariat.
1290 3121 1315 3168 in
1333 3122 1364 3171 Τ.
1376 3122 1394 3170 l.
1409 3140 1431 3187 p.
1443 3126 1489 3170 148
1501 3121 1569 3186 (89).

415 3205 452 3254 De
474 3221 537 3254 voce
562 3201 641 3272 ἐρυγι]
667 3207 736 3254 conf.
760 3206 878 3267 Theoplu't.
895 3203 928 3253 ad
949 3203 1061 3272 Autolya.
1083 3205 1111 3254 ll.
1131 3209 1169 3253 14.
1198 3203 1261 3273 ἐχων
1279 3242 1302 3254 ..
1322 3201 1336 3257 d
1354 3205 1415 3266 baie
1439 3204 1481 3260 τὸν
1499 3205 1569 3270 λύγον

414 3285 557 3342 ἐνδιάθετον
574 3288 600 3343 ἐν
615 3295 669 3350 τοῖς
687 3289 760 3348 ἰδίοις
777 3285 941 3357 σπλάγχνοις,
966 3287 1095 3356 ἐγέννησεν
1114 3283 1210 3348 adadu,
1234 3286 1298 3355 perui
1315 3291 1365 3354 τῆς
1384 3286 1462 3345 αύτού
1481 3291 1568 3357 σοφίας

414 3371 684 3440 ἐξερευξάμενοε
707 3371 755 3439 api
779 3374 830 3426 τῶν
855 3367 928 3426 ὅλων.
972 3373 1208 3437 Ortaeninlaann.
1229 3375 1305 3424 142.
1331 3375 1372 3424 ubi
1393 3374 1425 3425 de
1449 3376 1505 3427 laea
1532 3375 1566 3423 Pe

414 3463 465 3523 44,
483 3464 509 3509 2.
533 3455 750 3526 ἐξηρεύξατο
775 3455 794 3524 ν]
811 3459 905 3524 κάρδάα
923 3475 970 3524 μου
988 3457 1061 3525 λόγον
1079 3452 1183 3525 α’γαὲάν.
1221 3459 1276 3512 Vid.
1296 3461 1404 3510 Tbamas.
1422 3459 1447 3510 io
1466 3461 1567 3526 Origene

414 3561 439 3610 p.
451 3547 507 3593 112.
532 3545 609 3594 Teste
627 3546 770 3607 sozomeno,
785 3546 932 3606 Alexander,
950 3541 1088 3611 Episcopus
1100 3543 1285 3604 Alexandriae,
1303 3543 1329 3594 ia
1347 3545 1454 3612 epistola
1472 3544 1503 3594 de
1520 3543 1568 3593 Arii

414 3627 511 3678 haeresi
528 3627 610 3677 verbio
628 3645 658 3677 ex
684 3629 721 3678 Ps.
740 3634 787 3688 44,
806 3634 829 3679 2.
850 3629 912 3678 item
930 3627 1019 3678 abusus
1037 3639 1091 3688 est,
1116 3639 1143 3678 ut
1162 3628 1249 3678 Filium
1267 3628 1378 3678 divinum
1398 3640 1425 3678 et
1441 3640 1566 3678 aeternum

415 3727 469 3761 esse
493 3711 685 3762 demonstraret.
726 3712 798 3762 Adde
822 3717 960 3765 llmeettuen
985 3717 1135 3776 Aneuranum
1159 3713 1225 3780 apud
1249 3716 1366 3776 Epipban.
1383 3715 1413 3766 Τ.
1433 3715 1473 3764 ΙΙΙ.
1498 3733 1521 3781 p.
1536 3715 1565 3760 82

415 3795 501 3864 (886).
536 3797 581 3846 Est
597 3805 679 3848 autem
697 3794 774 3863 ἐρυγι]
794 3809 880 3848 nostro
897 3799 954 3849 loco
971 3813 1046 3851 sereno
1063 3813 1101 3848 ure
1117 3801 1294 3860 pronunciatus,
1311 3799 1375 3848 sicut
1393 3796 1567 3866 ἐξερεύγεσθαι

414 3881 504 3931 Psalm.
521 3880 537 3931 l.
555 3899 575 3931 c.
594 3881 662 3932 idem
678 3881 745 3932 ualet
761 3901 792 3933 ac
806 3888 972 3947 pronunciare,
990 3883 1108 3951 loquendi
1126 3901 1170 3932 usu
1190 3883 1284 3933 ludaeis
1303 3883 1474 3934 Alexandrinis
1492 3879 1562 3950 laral-

413 3965 477 4016 lisri.
513 3965 571 4017 Vid.
588 3969 687 4018 Lubeolt.
705 3967 737 4018 ud
756 3971 882 4031 Pbrynieb.
904 3989 928 4037 p.
946 3973 986 4018 88.
1002 3987 1040 4036 sq.
1074 3971 1202 4032 Effutiendi
1220 3968 1278 4028 vira,
1296 3969 1329 4018 de
1347 3985 1395 4034 qua
1412 3966 1478 4018 idem
1496 3969 1524 4014 V.
1539 3965 1565 4013 D.

415 4051 529 4116 monuit,
554 4052 655 4103 verbum
672 4053 748 4105 habet
765 4071 805 4122 ep.
824 4056 909 4116 Epipb.
929 4055 959 4104 T.
973 4055 1015 4103 lll.
1034 4071 1057 4119 p.
1072 4057 1121 4103 340
1140 4055 1215 4120 (898)
1241 4053 1305 4104 binis
1328 4053 1391 4103 locis
1415 4051 1440 4102 ia
1464 4048 1563 4119 epistola

415 4137 546 4189 Athanasii.
581 4137 653 4186 Adde
670 4149 757 4188 annot.
775 4140 801 4188 ia
819 4141 849 4190 Τ.
863 4139 880 4187 l.
900 4155 924 4205 p.
936 4141 985 4187 182
1005 4139 1073 4204 (78),
1108 4139 1165 4188 Nan
1184 4147 1237 4188 erut
1255 4138 1338 4204 igitur,
1358 4137 1426 4204 quod
1443 4139 1525 4188 Daniel
1542 4133 1563 4182 ln

414 4220 523 4272 Tutiano
541 4239 566 4288 p.
577 4225 634 4272 188,
652 4221 714 4271 illud
733 4221 913 4290 ἐξερεύγεσθαι
930 4221 996 4290 opud
1016 4225 1165 4286 Theophilum
1183 4223 1200 4273 l.
1216 4241 1236 4273 c.
1255 4240 1301 4290 pro
1318 4223 1434 4288 gnostico
1452 4222 1491 4272 vel
1509 4218 1563 4270 aab

416 4305 534 4357 balistico
548 4306 644 4356 maiore
660 4306 722 4366 iare,
741 4325 813 4374 quam
831 4307 962 4374 προπηδᾶν
979 4325 1019 4375 ap.
1033 4311 1127 4358 Talion.
1139 4311 1233 4374 cap.'l.‚
1252 4307 1338 4358 haberi
1355 4325 1428 4374 passe
1442 4315 1561 4358 statueret.

483 4393 509 4443 P.
527 4395 576 4442 698
595 4391 679 4459 (788).
705 4385 773 4445 au'b'
791 4388 833 4453 οἷς
849 4388 1011 4458 Ἱέρακος
1029 4387 1149 4462 λύχνον
1168 4387 1230 4446 eiad
1250 4389 1371 4462 λύχνου
1388 4383 1408 4460 il
1426 4388 1470 4452 oie
1486 4396 1561 4456 λιμ-

415 4471 509 4530 adda
527 4477 578 4537 εἰς
595 4474 665 4542 δύο]
685 4477 805 4527 Similiter
821 4478 864 4528 alii
882 4478 914 4528 de
931 4477 994 4528 Filio
1013 4487 1038 4526 et
1058 4496 1116 4527 vera
1135 4479 1210 4528 etium
1228 4477 1259 4527 de
1278 4477 1371 4544 Spiritu
1388 4487 1476 4526 saneto
1493 4471 1559 4526 lacutl

415 4569 480 4610 sant.
517 4563 589 4612 Cani.
606 4565 687 4614 lustin.
706 4565 775 4612 llari.
796 4562 859 4612 Diul.
878 4581 899 4613 c.
920 4563 1015 4630 Tryph.
1035 4567 1124 4630 pust.
1137 4575 1162 4612 et
1181 4565 1237 4613 ³58.
1257 4565 1351 4614 Tattan.
1371 4565 1438 4611 Orat.
1450 4579 1471 4610 c.
1484 4561 1559 4610 Graec.

417 4661 471 4711 cap.
487 4649 510 4695 8.
529 4657 555 4697 et
572 4645 623 4697 vid.
642 4649 753 4699 Semitab.
772 4647 797 4697 in
817 4649 910 4697 lustina
931 4649 1002 4697 Mart.
1022 4649 1052 4698 T.
1070 4651 1098 4697 ll.
1120 4665 1145 4713 p.
1156 4651 1214 4698 283.
1227 4666 1264 4715 sq.
1285 4631 1451 4715 quiillustrat
1468 4657 1559 4696 senteu-

414 4727 476 4779 tiam
492 4733 590 4794 lattini,
613 4732 745 4791 docentis,
772 4732 892 4798 Spiritum
909 4751 925 4783 a
942 4733 997 4782 Deo
1015 4749 1062 4782 nou
1081 4733 1206 4798 separari,
1232 4731 1291 4794 sad,
1319 4742 1345 4781 at
1362 4732 1444 4798 ignem
1462 4731 1493 4780 ab
1510 4725 1558 4796 igni.

416 4812 485 4864 nullo
502 4814 553 4865 eius
571 4815 723 4868 detrimento
741 4817 872 4884 proficisci.
908 4817 982 4878 Quod
1000 4828 1082 4870 eutem
1100 4815 1167 4867 idem
1186 4819 1214 4868 V.
1227 4819 1257 4870 D.
1275 4819 1307 4868 T.
1319 4819 1348 4867 ll.
1369 4837 1392 4884 p.
1404 4820 1461 4867 304.
1481 4817 1558 4884 opinu-
