3650 5642
1239 630 1384 691 uuxxuu
1449 674 1455 691 .

239 782 401 845 manahem
414 777 437 837 sl
446 796 494 855 pro
505 784 562 856 laap
574 784 615 836 aad
626 782 714 855 elatio,
732 775 802 855 ἒνάτῃ
815 785 855 837 καὶ
867 783 943 837 slrddr
954 786 1100 857 scripseris,
1116 787 1256 841 bellissime
1267 786 1335 842 hunc
1347 790 1385 842 lo-

238 882 289 919 cum
299 870 451 925 κενωθεὶς.
472 869 635 935 Iuvanum,
646 871 742 940 iuquit,
759 868 782 923 n
794 874 824 941 τῇ
836 870 979 941 προκειμένῃ
993 870 1116 943 Φαμενὼθ
1129 870 1199 942 ἐνάτῃ
1212 873 1252 925 aui
1264 872 1338 925 εἰκάδι
1350 872 1385 943 (ἐν

238 953 425 1024 ιῇεροιειμενῃ,
437 968 519 1025 quam
530 954 563 1009 ad
574 956 777 1026 oppugnandum
789 956 839 1009 sibi
851 960 1024 1026 proposuerat
1035 958 1158 1028 cuiusque
1170 960 1198 1012 in
1211 960 1385 1029 superioribus

238 1040 387 1109 nominarat)
402 1040 487 1093 solem
504 1058 539 1094 ru.
555 1042 609 1094 lam
624 1041 693 1095 dem
709 1042 737 1093 ln
754 1047 889 1111 segmento
901 1040 995 1095 Arietis
1012 1044 1178 1113 processisse.
1213 1044 1310 1100 Firmat
1320 1042 1386 1097 hauc

238 1124 400 1179 coniecturam
410 1131 540 1191 uacuam,
557 1124 626 1196 quod
636 1127 787 1179 Anatolium
804 1132 903 1179 certum
921 1132 961 1180 est
977 1127 1008 1179 de
1020 1128 1200 1197 aequinoctiali
1212 1134 1327 1200 tempore
1339 1129 1386 1183 Ca·

239 1224 307 1261 uoues
315 1210 374 1264 illos
385 1212 539 1265 metuisse
561 1212 628 1265 ilino
638 1210 797 1282 Nicephorus
808 1212 854 1267 lib.
863 1230 899 1266 ur.
911 1228 968 1283 cap.
979 1228 1081 1277 xxxva,
1093 1213 1132 1265 sat
1145 1213 1197 1285 aspi
1210 1217 1251 1280 τῆς
1264 1212 1386 1286 ἰσημερίας

239 1298 274 1343 rot
287 1292 369 1366 stupa
385 1293 574 1367 ἀκριβεστάτους
589 1294 661 1365 ὅρους
679 1294 796 1357 ὑπέδειξει
820 1298 861 1349 De
879 1301 1035 1366 acquinoctio
1043 1298 1168 1367 paschali
1182 1304 1387 1353 accuratissimos

239 1386 437 1435 commorantia
453 1382 580 1435 videlicut
589 1396 650 1435 cum
660 1382 700 1446 id,
712 1382 782 1452 quod
792 1384 821 1435 iu
833 1380 993 1435 Caesariensi
1006 1383 1105 1452 syuodo
1118 1382 1287 1455 a'l'heophilo
1298 1384 1388 1439 habita

239 1467 385 1534 prepositum
392 1466 493 1532 fuera,
504 1468 585 1536 vulgo
596 1484 687 1520 omues
700 1469 873 1537 opinarentur,
886 1468 1079 1539 aequinoctium
1088 1470 1241 1522 rruhlartii
1253 1470 1386 1535 committi,

240 1546 278 1601 hoc
293 1552 377 1620 ipsum
397 1553 533 1622 corrigens
550 1552 687 1606 anatolius
707 1553 901 1623 aequinoctium
921 1570 955 1606 ex
971 1552 1135 1607 Ptolomaicis
1156 1557 1387 1625 astronomicisque

239 1631 339 1688 batibus
348 1638 377 1690 in
386 1638 547 1691 materni
558 1638 698 1693 mustulit.
718 1638 796 1691 Vides
807 1639 858 1691 lert
866 1638 974 1693 uoculae
986 1640 1064 1693 unius
1076 1640 1277 1693 commutatione
1289 1646 1388 1709 quanta

241 1718 424 1788 impeditissimo
435 1720 495 1775 huic
507 1723 565 1777 loco
577 1724 624 1776 lux
636 1724 727 1776 oborta
739 1725 781 1776 sit
816 1722 850 1776 Ut
863 1725 955 1776 mento
973 1726 1101 1793 posterius
1117 1722 1166 1779 hoc
1182 1726 1345 1778 verissimum
1361 1730 1388 1778 et

240 1803 266 1854 ad
275 1806 380 1861 anatolii
391 1811 510 1861 mentam
522 1810 685 1878 aptissimum
697 1824 754 1861 esse
765 1808 885 1863 iudicem.
908 1808 980 1861 Duae
993 1811 1088 1881 quippe
1099 1808 1230 1881 paschatis
1243 1810 1387 1880 διαστροφαὶ

239 1886 330 1943 notem
341 1908 375 1945 cx
386 1893 624 1963 aequinoctialibus
635 1892 753 1947 terminis
764 1895 793 1947 ln
806 1908 884 1946 usum
902 1895 1106 1949 ecclesiasticum
1123 1897 1285 1967 irrepserant
1320 1895 1387 1948 Nam

240 1974 276 2026 atii
284 1992 338 2029 cum
348 1978 513 2047 κραηγήσιιας
525 1981 640 2048 τροπικῆς
651 1980 737 2048 ignari
748 1978 880 2032 cardinem
890 1994 1000 2033 remum
1010 1981 1060 2045 ibi,
1078 1983 1124 2035 ubi
1141 1981 1294 2051 aSosigene
1306 1981 1387 2034 semel

240 2062 323 2127 posius
337 2062 440 2129 luent,
454 2064 607 2130 manerent,
622 2063 720 2134 pascha
736 2071 796 2119 ante
811 2082 872 2119 xxv.
888 2064 976 2119 Martii
993 2065 1174 2119 celebrandum
1191 2068 1299 2120 minime
1313 2074 1386 2137 puta-

243 2144 303 2211 bant,
316 2148 412 2217 quibus
429 2149 533 2201 obviam
548 2151 615 2203 itum
633 2154 674 2202 est
684 2149 859 2203 Caesariensis
875 2150 979 2203 concilii
996 2150 1105 2203 decreto.
1129 2152 1191 2217 atti,
1209 2159 1239 2205 ut
1249 2152 1336 2205 ludaei
1348 2168 1386 2205 re·

242 2232 350 2285 rerum
364 2239 393 2286 et
408 2235 456 2303 qui
470 2231 579 2288 Iudaeos
591 2235 771 2305 sequebantur,
784 2249 843 2289 cum
852 2233 922 2288 haud
931 2232 1008 2288 dubie
1017 2237 1222 2304 aequinoctium,
1234 2238 1275 2289 rel
1286 2236 1386 2307 ingres-

243 2326 289 2367 tum
297 2318 356 2371 solis
366 2320 395 2373 iu
412 2320 522 2373 nietam
533 2321 634 2391 aliquot
649 2326 710 2373 ante
726 2321 817 2374 diebus
832 2320 949 2374 accidere
965 2325 1099 2391 putarent,
1115 2320 1213 2391 pascha
1228 2338 1304 2375 suum
1320 2324 1385 2377 anti·

244 2400 352 2468 natur.
382 2403 517 2475 Utrosquo
532 2406 561 2459 in
575 2404 654 2459 hisce·
664 2407 807 2459 canonibus
823 2406 918 2459 refellit
931 2404 1075 2459 Anatolius.
1109 2405 1209 2459 Priores
1226 2407 1329 2475 quidem
1346 2422 1384 2471 eu,

244 2496 308 2551 quun
317 2487 442 2556 diximus,
459 2492 616 2560 aequinoctii
627 2490 727 2561 epocha
738 2492 867 2556 stabilita,
882 2493 1038 2562 posteriores
1050 2506 1123 2555 uero,
1140 2504 1199 2543 cum
1211 2490 1324 2560 disputat
1334 2494 1385 2561 pri·
1411 2524 1432 2563 p,
1440 2511 1484 2555 200,

244 2584 301 2625 uun
314 2585 430 2629 mmsem
445 2576 528 2646 primo
545 2573 664 2646 signiferi
679 2576 886 2629 dodecatemorio
903 2575 1017 2641 deliniri;
1036 2592 1114 2646 supra
1132 2590 1208 2645 quem
1224 2581 1384 2645 postremum

244 2655 271 2705 tlt
281 2665 440 2729 mestum
455 2662 605 2731 meusbque
620 2667 781 2732 postremus,
797 2662 825 2714 lu
842 2676 894 2730 quo
909 2660 1060 2731 paschalem
1071 2676 1124 2714 rra.
1140 2673 1242 2713 sumere
1259 2663 1384 2715 canonica

246 2744 327 2797 moue
340 2745 475 2816 prohibet3
492 2747 565 2816 quia,
583 2752 613 2799 ut
627 2744 751 2801 hactenus
767 2746 906 2817 probatum
924 2750 975 2811 est,
992 2746 1094 2799 citimus
1110 2746 1235 2799 terminus
1250 2747 1279 2800 in
1295 2749 1383 2818 aequi·

246 2828 339 2882 ludum
348 2832 466 2886 incurrit
489 2830 523 2885 Et
537 2838 568 2885 ut
581 2834 709 2903 posterior
725 2833 811 2885 cautio
826 2832 859 2885 ad
869 2831 978 2885 ludaeos
990 2838 1016 2883 et
1027 2828 1184 2883 Christianos
1197 2826 1382 2903 ’louhettuuraq

248 2912 317 2977 tuales
327 2917 498 2971 occidentales
510 2922 537 2970 et
547 2916 632 2971 Latini
643 2916 759 2982 luerunt,
770 2917 872 2988 proprie
882 2918 1006 2987 pertinet,
1019 2917 1056 2967 itu
1067 2917 1136 2985 prior
1147 2915 1269 2970 aduersus
1280 2918 1325 2971 illu
1336 2936 1382 2989 pu·

246 3004 296 3062 tm
303 3014 365 3069 quae
376 3004 405 3056 iu
416 3004 489 3056 Actis
499 3002 675 3057 &mariensis
687 3001 786 3071 Synodi
796 3002 926 3071 leguntur,
944 3016 1053 3070 quorum
1067 3000 1241 3070 fragmentum
1253 3004 1322 3073 apud
1334 3003 1382 3057 Be·

247 3078 293 3135 daut
304 3088 425 3157 reperitur
439 3094 501 3159 post
516 3088 632 3141 libellum
649 3088 682 3141 de
697 3088 875 3157 Aequinoctio.
903 3086 933 3138 lu
951 3085 1044 3153 quibus
1061 3086 1174 3154 primum
1191 3088 1383 3157 aequinoctium

247 3166 316 3223 llartui
324 3190 383 3229 xxv.
396 3174 571 3238 constituitur,
588 3174 716 3226 tumuere
728 3173 851 3242 quoniam
862 3169 978 3223 Christus
990 3168 1080 3221 codem
1092 3170 1136 3221 illo
1148 3173 1321 3226 resurrexisse
1333 3174 1382 3239 die,

247 3254 302 3306 est
311 3269 344 3311 ua
354 3258 413 3313 Kal
424 3270 519 3329 passus
531 3258 690 3322 credebatur,
707 3257 765 3309 ldeo
781 3256 894 3309 triduum
910 3253 943 3304 ad
954 3250 1090 3323 paschales
1101 3255 1226 3308 terminos
1239 3264 1382 3327 arrogatur,

248 3349 271 3387 Ν
285 3340 335 3410 luga
351 3344 524 3415 praeempta,
542 3348 573 3397 ut
590 3344 624 3396 ab
640 3359 675 3396 rr.
686 3342 746 3397 Kal.
759 3342 819 3411 dpr.
836 3338 869 3390 ad
885 3337 1085 3392 11.Kal.hiaias
1101 3338 1231 3408 paschalis
1247 3340 1381 3397 celebritas

248 3420 298 3475 ltili
306 3431 395 3496 possit,
408 3446 441 3481 ιιε
452 3436 548 3481 tamar
556 3432 687 3499 paratuum
697 3433 880 3479 sacramentum
892 3432 965 3476 astru
978 3424 1078 3475 limitem
1091 3426 1249 3481 excludatur.
1285 3427 1336 3480 Sed
1352 3434 1383 3482 ut

248 3504 443 3578 dimanans
453 3512 505 3567 iilis
515 3514 586 3567 neus
595 3512 681 3566 dicam
693 3512 761 3581 quod
773 3510 869 3573 sendo,
884 3509 935 3562 luit
951 3508 1020 3561 istud
1038 3508 1141 3578 quidem
1153 3512 1310 3581 provinciale
1321 3530 1381 3568 con·

248 3591 317 3647 thara
323 3597 433 3653 Victoria
444 3612 527 3669 papae
537 3601 609 3652 iuaau
622 3611 638 3650 a
649 3596 789 3667 Theophila
801 3594 964 3647 Caesariensi
976 3599 1105 3659 coactum,
1123 3612 1174 3665 quo
1191 3602 1307 3669 tempore
1321 3616 1381 3656 con·

249 3680 353 3735 incula
360 3684 408 3738 aaa
417 3684 452 3737 de
462 3683 583 3755 paschata
593 3681 768 3735 Christianum
784 3680 872 3733 orbem
883 3678 1048 3733 uehementer
1064 3682 1224 3751 exagitabat.
1260 3683 1311 3739 Sed
1327 3704 1381 3742 nou

249 3766 501 3838 tusaqusstnaeus
514 3768 565 3821 illis
577 3764 827 3837 comprehenduntur
838 3780 884 3835 pro
896 3764 957 3817 ndei
966 3764 1074 3819 decretis
1083 3764 1201 3821 habenda
1209 3774 1280 3835 suut,
1291 3786 1382 3827 rerum

248 3850 341 3906 runs
350 3855 470 3925 privatim
481 3864 497 3905 a
508 3853 624 3922 patribus
636 3852 729 3904 altatae
741 3854 803 3903 sunt
812 3851 963 3921 pleraeque,
981 3850 1075 3920 quibus
1093 3854 1249 3907 senmutiam
1265 3870 1341 3911 suam
1350 3858 1381 3911 n-

249 3930 377 4005 tumst,
390 3949 458 4010 quae
472 3951 526 3991 non
541 3939 614 4008 ipsae
629 3936 698 3989 inter
712 3934 774 3988 fidei
784 3935 909 4004 dogmata
921 3943 1066 3990 censentur.
1097 3938 1164 3990 Tum
1176 3938 1245 4008 quod
1255 3939 1381 3997 Eusebius

249 4014 282 4070 hb.
289 4038 310 4076 ι.
319 4040 370 4094 rap.
378 4042 445 4079 xm.
454 4028 544 4077 uenat
553 4038 600 4093 per
610 4022 679 4075 idem
689 4026 793 4091 ternpus
804 4036 865 4073 cum
875 4020 938 4074 alibi
949 4022 1059 4091 passim,
1076 4026 1132 4074 tum
1143 4021 1242 4078 Romae
1253 4026 1380 4082 alliotore

250 4098 358 4162 &Mam
369 4110 520 4179 quaestione
531 4106 667 4177 modalis
678 4106 780 4159 decreta
790 4104 860 4159 edita
869 4105 966 4171 tuisse,
979 4120 1045 4175 quae
1056 4106 1084 4158 in
1095 4107 1204 4163 eandem
1217 4110 1247 4164 de
1258 4111 1380 4181 paschata

249 4187 376 4248 alebrando
391 4192 571 4265 conspirarent
587 4192 752 4256 sententiam,
769 4206 823 4244 nou
837 4191 875 4243 sio
891 4190 1089 4260 intelligendum
1100 4196 1180 4245 estut
1192 4210 1258 4264 quae
1270 4196 1296 4247 in
1308 4196 1379 4248 Actis

249 4268 288 4325 ἢ
300 4275 465 4348 Quantas
480 4278 569 4332 omnia
583 4292 600 4330 a
614 4276 737 4347 pontifice
752 4276 871 4329 Romano
888 4276 998 4346 probate
1014 4275 1067 4327 siut
1084 4282 1110 4328 et
1123 4294 1171 4347 pro
1187 4278 1318 4332 catholicis
1334 4279 1378 4332 do·

250 4361 357 4421 anama
366 4369 483 4435 mepta,
498 4360 544 4417 aed
560 4376 592 4415 aa
606 4360 745 4425 duntaxat,
762 4376 830 4431 quae
844 4378 879 4415 ax
893 4361 968 4415 lalsis
983 4360 1035 4413 itlls
1050 4360 1183 4433 principiis
1195 4370 1324 4433 utcunque
1335 4364 1378 4417 de·

250 4437 318 4510 trau,
326 4461 386 4501 rara
394 4449 531 4519 aohdaque
541 4453 641 4518 reperta
652 4451 721 4501 sunt.
739 4446 891 4500 Cuiusmodi
901 4446 1049 4499 sanctiones
1060 4446 1119 4500 illae
1128 4448 1243 4513 luerunt,
1254 4454 1378 4519 utusque

249 4523 324 4583 ‘unu¹
334 4533 396 4586 luna
410 4532 508 4605 pucha
523 4534 609 4598 tieret,
625 4546 674 4585 nec
691 4532 741 4585 alio
758 4546 837 4602 quam
848 4532 978 4585 dominico
990 4530 1042 4595 die;
1058 4533 1126 4602 quod
1143 4538 1198 4586 erat
1209 4535 1376 4603 propositum.

250 4605 348 4683 Mitte,
357 4632 424 4689 qaae
433 4619 573 4673 incidentia
582 4617 633 4671 dici
643 4623 765 4687 possunt,
777 4632 837 4671 curn
848 4619 941 4688 partim
953 4617 1087 4687 perspicue
1097 4618 1177 4682 talsa,
1193 4619 1288 4687 partim
1299 4618 1378 4676 dubia

251 4700 442 4759 dammula
454 4699 597 4758 canonibus
608 4705 737 4757 munaus
747 4704 810 4768 aiut,
822 4704 918 4757 nullius
930 4702 1076 4755 autoritatis
1087 4718 1120 4755 ue
1131 4702 1310 4758 Caesarienses
1322 4709 1376 4776 qui·

250 4774 294 4834 ¹⁸³
303 4786 347 4855 ipat
356 4796 441 4860 patres
452 4804 510 4843 esse
520 4787 669 4854 uoluerunt,
685 4804 770 4860 aeque
777 4785 864 4844 Victor
874 4802 990 4857 unquam
1001 4787 1159 4858 approbarit
1182 4788 1220 4842 De
1233 4804 1284 4861 qua
1294 4806 1321 4844 re
1332 4808 1375 4847 su-

251 4876 295 4931 in,
304 4870 546 4929 tndedomiulcae
554 4880 670 4946 tempore
676 4874 807 4945 pusionis
816 4880 902 4927 actum
912 4878 966 4938 est,
979 4870 1100 4927 aduersus
1109 4876 1279 4943 quorumdam
1287 4894 1376 4949 euper-

289 4969 521 5025 cr‘retransmeant
1147 4974 1176 5031 Μ
