3650 5642
281 878 460 921 amanensi
551 880 636 923 Hennes
649 880 790 933 liaoadonlet.
890 881 975 923 lisam
988 882 1063 923 Attici.

274 1038 347 1095 Nism
570 1041 693 1102 Ξανθικος
872 1040 1063 1113 Ἐλαφηβολιών
1175 1044 1286 1097 Martius

272 1124 318 1177 liar
569 1124 717 1198 Ἀρτεμίοιος
872 1127 1020 1198 Μουνυχιών
1175 1128 1271 1199 Aprilis

271 1210 362 1264 Siursn
571 1210 667 1273 Δαίοιος
873 1212 1020 1284 Θαργηλιὼν
1175 1214 1263 1268 Maius

271 1294 382 1350 'l'lttmut
571 1294 681 1368 Πάνομος
873 1296 1058 1368 Σπιῤῥοφοριών
1175 1298 1266 1353 iunius

270 1380 308 1433 Ab
570 1384 642 1453 Δῷος
873 1380 1061 1453 Ἐκατομβπιῶν
1175 1382 1257 1437 lulius

270 1464 324 1518 Elui
570 1466 700 1537 Γορπιοίῖος
873 1466 1052 1538 Μεταγειτνιών
1175 1468 1311 1537 Augustus

270 1550 333 1603 'lieri
570 1550 768 1623 Ὗπερβερετοῖος
873 1552 1033 1623 Βοηδρομιών
1175 1553 1329 1624 September
1440 1609 1446 1621 ,

270 1634 456 1691 &mesum
571 1636 629 1698 Δῖος
872 1637 1065 1707 Μοιμοιοιτηριών
1177 1638 1288 1693 October

270 1719 384 1775 mmcd
571 1719 718 1784 Ἀπελλαῖος
873 1722 1016 1793 Πυανεψιών
1176 1724 1322 1779 November

268 1804 381 1859 Tisebetlr
570 1806 704 1869 Αὖδυνοιῖος
872 1807 1010 1860 Ποσειδεὼν
1175 1810 1317 1863 December

268 1890 397 1946 Sciebath
570 1892 678 1963 Περίτιος
872 1892 1004 1963 Popularia
1174 1894 1311 1949 Ianuarius

268 1976 338 2030 Adar
570 1978 678 2048 Δύστρος
872 1976 1047 2049 ’retempto
1174 1980 1330 2034 Februarius

248 2146 277 2199 At
285 2147 317 2199 in
328 2147 439 2218 epistola
449 2148 561 2221 Philippi
571 2148 744 2203 Macedonum
755 2150 839 2220 regie,
851 2166 920 2221 quae
931 2154 972 2203 est
981 2150 1051 2221 apud
1061 2150 1195 2205 Demostis
1206 2152 1261 2221 rapt
1269 2149 1402 2222 Στεφάνου,

247 2230 313 2285 lons
325 2248 381 2285 oum
394 2234 480 2287 Attico
491 2232 629 2289 Boidrom.
642 2237 812 2306 componitur,
828 2242 858 2289 ut
869 2236 936 2289 allus
947 2252 995 2305 per
1004 2236 1051 2287 illa
1061 2241 1180 2306 tempora
1191 2238 1321 2291 mensium
1332 2236 1402 2307 apud

246 2318 398 2373 Macedonas
411 2325 549 2375 contextus
561 2320 641 2375 iuism
653 2320 777 2375 videatur.
800 2321 840 2375 De
852 2336 904 2391 quo
916 2321 990 2373 alias.
1014 2320 1089 2375 Nunc
1104 2321 1181 2386 iliud,
1198 2322 1269 2391 quod
1283 2322 1350 2388 dixi,
1367 2338 1401 2375 ex

247 2402 431 2473 diagrammate
443 2412 557 2471 constat,
568 2406 750 2461 Macedonicos
761 2422 866 2461 menses
878 2423 931 2460 uno
938 2406 995 2461 foro
1005 2423 1094 2460 mense
1103 2407 1346 2477 Syromsoedonicis
1357 2424 1403 2461 an·

247 2490 349 2543 teriones
362 2506 427 2544 esse.
450 2489 518 2545 Nam
529 2490 676 2545 xanthicus
689 2493 803 2564 exempli
814 2509 907 2547 caussa
920 2492 1159 2562 Spromaccdonum
1171 2498 1211 2545 est
1219 2492 1314 2563 Aprilis
1325 2492 1402 2545 lulis·
1427 2525 1449 2565 μ
1457 2514 1502 2555 ιη

247 2591 303 2639 nus,
319 2575 504 2630 Macedonicus
515 2592 576 2631 uero
587 2578 693 2631 tametsi
704 2594 764 2633 cum
775 2579 874 2631 lunaris
891 2587 932 2631 est
942 2578 1025 2648 Aprili
1039 2594 1227 2647 nonnunquam
1237 2577 1401 2647 respondeat,

247 2661 345 2731 saepius
357 2666 445 2715 tamen
454 2660 482 2715 in
490 2663 614 2717 Martium
625 2662 744 2729 incurrit,
756 2664 935 2733 maioremque
942 2664 1012 2717 illius
1021 2668 1121 2733 partem
1131 2668 1247 2734 occupat
1265 2663 1401 2717 Gootemm

247 2746 309 2814 apud
326 2745 502 2817 Epiphaniam
518 2746 568 2801 hoc
585 2749 612 2801 in
628 2750 686 2803 loeo
703 2766 750 2821 pro
763 2746 911 2801 Ἀπελλαίου
928 2746 972 2819 ις’,
989 2749 1105 2819 Scaliger
1121 2750 1167 2803 lib.
1177 2767 1202 2801 v.
1219 2748 1251 2802 de
1266 2748 1401 2806 Emendat.

247 2846 300 2901 pag.
312 2830 371 2884 432.
383 2830 414 2885 B.
426 2833 534 2903 corrigit
544 2831 692 2886 Ἀπελλαίου
705 2832 737 2897 ς’.
767 2834 824 2899 Qua
835 2835 936 2888 ratione
948 2834 1085 2905 Apelleeus
1096 2834 1280 2888 lieoedonicus
1290 2833 1401 2889 liorem·

248 2916 294 2969 iris
304 2934 345 2971 nu
356 2918 479 2987 eoeperit.
504 2918 578 2983 Quod
588 2934 712 2973 vemmne
724 2919 758 2973 sit
768 2920 866 2975 neseio.

307 3002 377 3054 lieri:
388 3000 522 3069 Ἀθηναίοις
533 3004 737 3074 Μεταγειτνιῶνος
750 3002 863 3076 ἕβδομοι]
888 3004 998 3059 Constat
1014 3021 1048 3059 ex
1063 3006 1096 3059 iis
1108 3020 1175 3075 quse
1185 3005 1264 3075 paulo
1276 3010 1338 3059 ante
1349 3006 1400 3059 dis·

248 3092 331 3155 putata
342 3093 417 3158 sunt,
431 3088 676 3143 Maemacterionem
688 3091 722 3143 eb
733 3090 961 3145 Hecatombacone
972 3108 1030 3144 esse
1041 3096 1176 3161 quamam,
1193 3090 1262 3159 quod
1273 3096 1301 3143 et
1310 3090 1352 3143 liic
1363 3092 1400 3144 lo·

249 3188 286 3225 rus
297 3174 430 3227 evidenter
440 3174 609 3230 demonstrat.
642 3174 711 3229 Nam
721 3176 897 3247 Motagitrnion
913 3177 1050 3247 proximus
1066 3181 1108 3228 oet
1121 3176 1156 3228 ab
1166 3170 1400 3231 Hecatombseone.

247 3256 322 3326 Igitur
334 3257 477 3329 Epiphanii
493 3261 598 3313 saeculo
609 3258 821 3315 Hecatombaeon
833 3261 946 3315 October
961 3266 1027 3325 erat,
1042 3261 1245 3314 Maemacterion
1254 3262 1400 3316 Ianuarius.

248 3341 382 3399 Neomenias
389 3346 616 3399 Maemeoterionie
627 3346 749 3417 congruit
759 3346 816 3401 liat
829 3347 893 3417 ipsis
904 3346 1025 3400 Ianuarii
1042 3345 1109 3399 Nam
1118 3364 1154 3402 vr.
1162 3346 1300 3402 linemsot.
1309 3346 1401 3399 eadem

248 3436 282 3481 eat
290 3429 404 3484 Ianuarii
414 3448 450 3484 νι.
473 3432 553 3501 Atqui
567 3432 706 3485 neomenia
718 3432 917 3502 Metagitnionis
933 3450 987 3485 nou
1003 3431 1190 3486 convenitllnl.
1202 3431 1267 3484 Nor.
1301 3430 1401 3502 Quippe

249 3530 296 3567 νιιι.
308 3516 372 3570 lior.
386 3534 432 3571 vu.
444 3515 573 3569 duntaxat
583 3522 624 3571 eat
634 3518 844 3588 lletsgitnionis3
860 3508 911 3571 nisi
927 3517 1051 3571 mendum
1066 3517 1101 3570 sit
1115 3518 1143 3571 in
1153 3515 1293 3587 Epiphaoii
1303 3516 1400 3571 codice.

249 3600 268 3651 A
277 3600 388 3655 secunda
399 3600 464 3656 Nor.
477 3602 510 3655 ad
521 3603 670 3656 ultimetam
679 3602 740 3657 Deo.
750 3602 934 3667 dissemina,
946 3618 1049 3657 menses
1057 3600 1254 3656 Atheniensium
1263 3603 1323 3657 dno.
1339 3603 1401 3656 Pro·

249 3684 300 3739 iude
309 3704 363 3741 non
371 3686 494 3753 Iulienis,
505 3687 551 3741 sed
560 3688 741 3758 aequabilibus
751 3694 777 3741 et
785 3688 953 3759 Aegyptiacis
961 3688 1095 3741 mensibus
1103 3688 1145 3741 nsi
1153 3694 1216 3741 sunt
1223 3688 1402 3755 Athenienses,

250 3786 300 3823 mm
311 3774 426 3843 primum
437 3772 521 3826 fixum
532 3778 559 3825 et
570 3774 691 3828 stabilem
703 3790 802 3828 annum
814 3772 994 3827 adhibuerunt
1017 3774 1073 3827 lmo
1083 3789 1146 3828 vero
1161 3773 1275 3845 idipsum
1291 3774 1361 3846 apud
1370 3776 1401 3829 il·

249 3854 282 3909 los
292 3858 500 3929 antiquissimam
511 3858 593 3912 luisse
604 3876 658 3913 non
669 3860 769 3930 primus
781 3858 905 3929 ScaIIger,
922 3865 954 3912 ut
964 3860 1098 3929 glorietur,
1114 3858 1162 3913 sod
1174 3859 1246 3913 Gara
1256 3866 1318 3915 ente
1327 3862 1401 3914 illum

250 3940 327 3996 docuit
336 3944 382 3999 lib.
395 3944 428 3996 de
439 3944 586 4010 lioueibus,
599 3946 645 3999 nbi
656 3944 688 3998 de
700 3962 768 3999 anno
780 3944 903 4016 disputem
926 3944 1029 3999 Etenim
1040 3960 1138 4010 mnus,
1149 3946 1249 4016 inquit,
1260 3946 1330 4017 apud
1341 3946 1400 3999 illos

249 4030 416 4101 cmtduplex;
434 4030 499 4083 alter
515 4030 616 4084 dierum
628 4046 728 4097 occur,
745 4031 819 4085 cuins
834 4031 862 4083 in
878 4030 932 4084 line
948 4030 1105 4101 appendisse
1115 4048 1133 4083 ν
1143 4031 1199 4085 dies
1213 4032 1400 4094 inserebantur,
1500 4080 1507 4094 Ι

250 4113 277 4164 cd
287 4130 349 4184 quos
360 4120 455 4187 quarto
467 4132 571 4186 quoque
582 4130 650 4169 anno
662 4116 718 4170 dies
734 4132 802 4170 nnus
818 4116 970 4181 accedebat,
988 4116 1053 4169 alter
1068 4117 1166 4170 lunaris
1180 4116 1239 4173 mit.
1271 4116 1302 4169 ln
1316 4116 1401 4186 priore

250 4196 324 4253 torma
333 4202 465 4255 vicenarii
476 4218 580 4255 menses
593 4208 680 4268 erant,
692 4202 726 4255 ad
737 4202 843 4257 modum
853 4202 1009 4273 Aegyptiaci
1019 4202 1095 4266 anni,
1106 4203 1215 4256 ultimus
1225 4201 1348 4255 mensisv
1359 4200 1401 4253 acl

250 4300 272 4337 rr
282 4284 370 4339 diebus
382 4287 483 4340 auctior
494 4293 557 4341 erat
581 4286 651 4341 llaec
665 4286 743 4341 Gara.
767 4287 842 4351 Quod
856 4292 945 4340 utrum
958 4286 1050 4356 priscis
1060 4287 1112 4341 iilis
1123 4287 1284 4358 temporibus
1293 4300 1344 4337 uso
1354 4302 1401 4354 po·

250 4370 326 4435 pulcri
334 4376 469 4442 receptum
479 4372 570 4438 luerit,
586 4374 650 4427 alibi
661 4372 803 4428 disseritur.
826 4372 889 4426 Post
900 4372 1028 4425 lulianam
1040 4373 1145 4442 quidem
1155 4373 1309 4434 editionem,
1323 4375 1402 4440 atque

250 4450 378 4526 Epiphanii
389 4458 507 4524 saeculo,
519 4458 647 4512 eiusmodi
659 4474 757 4512 ennam
769 4458 936 4513 observatum
947 4454 1057 4510 Athenis
1067 4457 1149 4511 fuisse
1159 4472 1194 4509 ex
1205 4456 1255 4509 loo
1262 4453 1402 4525 npiplmii

251 4538 299 4593 loco
310 4542 403 4597 confici
414 4548 508 4613 potest
532 4542 567 4597 Ut
581 4544 652 4597 enim
663 4544 840 4615 Aegyptiacus
857 4556 942 4595 annus
958 4542 1094 4597 mensibus
1109 4540 1254 4595 tricenariis
1270 4547 1400 4608 comune,

251 4640 302 4681 tum
316 4626 442 4683 hedenus
458 4628 509 4682 diei
525 4629 686 4683 intercalaris
704 4628 846 4683 omissione
862 4642 909 4697 per
925 4626 1054 4681 lulianum
1071 4644 1169 4681 annum
1183 4631 1346 4696 evagaretur,
1362 4644 1401 4681 re-

252 4718 316 4781 cepto
328 4730 397 4769 anno
405 4714 498 4769 iuliani
507 4720 570 4786 typo
582 4716 734 4769 trioenarios
746 4730 849 4769 menses
861 4710 1031 4765 nihilominus
1041 4714 1159 4777 rodnuit,
1171 4727 1231 4765 oum
1239 4709 1401 4782 ἔπογομίυοις

252 4810 271 4857 ν,
286 4806 309 4851 et
321 4800 450 4855 interdum
461 4818 501 4867 rr,
518 4802 556 4854 its
571 4800 692 4855 credibile
710 4806 750 4854 est
761 4799 933 4855 Athenienses
949 4798 977 4850 in
988 4812 1058 4852 anno
1069 4812 1118 4852 suo
1128 4797 1235 4862 iecisse,
1251 4802 1282 4850 ut
1294 4797 1401 4852 tricenis

253 4880 371 4939 dmtaxat
381 4886 472 4941 diebus
484 4887 582 4957 singuli
593 4902 696 4943 mensos
707 4886 881 4949 decurrerent,
893 4900 943 4937 nec
954 4884 988 4937 ad
998 4884 1159 4939 lulisnorom
1170 4883 1299 4937 mendum
1307 4882 1401 4937 deseri·
1415 4878 1420 4887 ’
