3650 5642
1220 604 1360 661 LXXXIII

235 764 319 833 gellen,
331 763 374 817 sed
383 762 486 835 Ephesi.
509 761 601 833 lleque
612 778 673 817 uero
685 762 734 816 sub
747 760 870 827 claudio,
887 761 934 815 aed
950 761 1001 815 sub
1015 760 1101 815 Nerva
1112 760 1219 815 Cocceio
1235 762 1268 814 ab
1284 760 1363 813 axilio

235 864 324 903 mersus
334 856 381 904 est:
393 848 513 919 quamvis
524 848 618 901 iterum
630 852 722 919 postea
733 848 782 901 sub
795 846 902 900 Gleudio
913 852 1063 901 revocatum
1074 848 1174 901 asserit

283 932 308 989 ll.
318 954 366 991 xrr.
388 934 473 987 Ταῦτα
490 932 515 985 ἐν
531 932 683 1003 Βηθαβαρᾷ,]
716 932 831 1003 Utraque
842 950 895 987 vox
907 939 933 985 et
944 931 1092 986 Bethabara
1106 938 1132 985 et
1147 930 1276 985 Bethania
1296 930 1366 1001 apud

236 1020 326 1089 antiquos
335 1020 465 1091 reperitur.
486 1020 552 1073 Vide
564 1034 631 1090 quae
643 1018 675 1071 de
686 1016 736 1073 hoe
747 1020 803 1073 loco
815 1019 942 1089 scripsere
951 1019 1052 1072 blasius
1063 1024 1090 1071 et
1101 1017 1231 1071 Serrsrius
1242 1018 1271 1071 in
1281 1016 1366 1081 losse,

236 1104 321 1160 liddon.
333 1112 357 1158 et
364 1106 471 1159 Inlotus
481 1106 510 1159 in
520 1104 620 1176 Eraug.

283 1187 328 1241 'les
337 1190 397 1262 δείξῃ
415 1190 478 1261 μετὰ
489 1186 531 1251 τὰς
548 1188 750 1263 τεσσαράκοντα]
784 1188 923 1260 epiphanii
940 1189 1070 1243 sententia
1086 1188 1150 1244 haec
1166 1196 1218 1256 eat,
1236 1188 1367 1243 Christum

237 1280 278 1341 port
285 1292 314 1327 ιι
323 1276 418 1331 harum
428 1276 556 1331 ieiunium
569 1282 596 1330 et
606 1277 776 1329 tentationem
793 1276 820 1327 in
833 1274 978 1329 Galilaeam
995 1292 1052 1328 esse
1068 1274 1228 1345 proiectum,
1242 1275 1368 1329 indidem·

236 1374 271 1427 que
279 1360 305 1415 ad
314 1360 434 1416 Ioannem
445 1368 472 1416 et
481 1360 619 1416 Iordanem
630 1362 781 1425 revertiss03
793 1376 844 1430 quo
856 1366 974 1431 tempore
985 1360 1097 1414 loannes
1107 1362 1182 1414 illum
1193 1362 1303 1415 intuitus
1313 1378 1369 1414 rur·
1419 1351 1422 1355 ⁴

236 1460 277 1497 sen
289 1446 314 1499 de
327 1448 380 1518 ipso
396 1453 510 1502 motetus
527 1452 579 1511 ast,
597 1447 686 1500 loann.
698 1464 720 1511 r,
738 1444 779 1500 36.
816 1446 883 1499 'lum
900 1447 970 1499 enim
986 1448 1164 1500 ambulantem
1174 1446 1271 1500 vidisse
1282 1448 1369 1499 lesum

235 1530 300 1583 scribit
308 1532 420 1588 lomnes.
448 1533 483 1586 Δι
493 1531 652 1603 Epiphanius
661 1531 703 1587 29.
716 1534 743 1583 et
753 1530 795 1586 30.
808 1538 940 1585 commeta
954 1548 1015 1584 cum
1026 1531 1068 1585 35.
1080 1538 1107 1584 et
1116 1531 1158 1586 36.
1174 1532 1321 1585 confudisse
1332 1533 1370 1585 vi·

236 1612 298 1681 datur,
313 1634 367 1671 cum
383 1634 418 1671 ex
437 1618 572 1687 evangelio
582 1617 681 1687 profert
692 1620 722 1687 τῇ
734 1612 798 1685 ἄλλῃ
813 1614 893 1687 ἡμέρᾳ
904 1612 938 1677 ὡς
950 1609 1011 1669 εἶδεν
1023 1616 1098 1669 αὐτὸν
1111 1621 1302 1688 περιπατοῦντα,
1315 1614 1369 1686 ἔφη,

236 1692 287 1761 eicie
295 1698 339 1755 lou
349 1710 396 1759 ete.
422 1702 495 1767 Quae
507 1702 614 1756 diversis
625 1703 654 1755 iu
666 1702 839 1756 commatibus
851 1702 982 1771 leguntur.
1014 1702 1094 1756 Porro
1105 1720 1153 1773 pro
1165 1720 1196 1757 eo
1209 1703 1278 1773 quod
1289 1702 1369 1772 vulgo

235 1786 330 1855 seriptum
340 1795 390 1854 est,
406 1792 438 1858 τῇ
449 1784 577 1858 Iaudpros,
593 1786 755 1858 Epiphaniae
771 1783 1058 1858 1οςῑιιῄᾶλλῃιμέρᾳς
1075 1788 1127 1840 nisi
1142 1804 1174 1841 ea
1190 1788 1277 1858 potius
1292 1789 1371 1841 inter·

236 1872 318 1937 prurio
328 1874 367 1926 sit
390 1872 427 1927 Ut
438 1878 464 1926 et
474 1879 563 1927 noster
574 1872 717 1944 interpres:
734 1874 828 1925 Altera
840 1874 889 1925 die.
913 1872 948 1925 At
957 1873 1043 1943 prima
1058 1872 1204 1927 testificatio
1220 1873 1373 1943 paulopost

236 1954 365 2024 bsptismum
375 1959 447 2013 facts
457 1958 566 2013 videtur.
590 1958 664 2012 Unde
679 1960 747 2011 inter
764 1958 923 2028 baptismum
934 1957 1031 2011 curisti
1047 1974 1077 2011 ac
1094 1960 1206 2029 primam
1217 1960 1289 2012 illam
1299 1960 1372 2012 testi·

236 2038 354 2097 tutonem
369 2050 396 2097 et
411 2046 591 2115 apostolorum
606 2045 771 2101 vocatiouem
786 2042 975 2114 profectionem
991 2044 1019 2097 in
1037 2042 1180 2097 Galilaeam
1195 2045 1373 2098 intercessisse

237 2131 290 2191 peut
300 2126 463 2200 Epiphanius.
503 2130 541 2183 De
563 2146 616 2200 qua
635 2130 795 2200 proiectione
812 2127 881 2181 haud
900 2129 954 2181 ecio
971 2144 1005 2181 an
1021 2129 1191 2200 interpretum
1207 2130 1374 2184 doctorumve

237 2211 346 2281 uhquu
355 2215 512 2271 meminerit.
531 2214 676 2285 Sedneque
684 2214 790 2268 loannis
799 2215 878 2267 verbe
886 2215 928 2267 vel
938 2214 1075 2267 minimam
1086 2216 1142 2268 eius
1154 2215 1374 2285 significationem

237 2292 281 2349 dere
290 2297 346 2352 nihi
355 2300 484 2355 sidentur.
507 2300 572 2355 Vide
588 2316 661 2355 num.
673 2318 740 2365 run,
756 2300 802 2353 ubi
817 2300 964 2352 accuratius
981 2315 1013 2352 ea
1027 2306 1175 2369 temporum
1190 2301 1327 2353 intervalla
1337 2300 1375 2353 di-

237 2388 340 2447 rernm.
362 2384 426 2440 Post
441 2386 601 2457 baptismum
612 2404 647 2439 ιι
659 2386 759 2439 dierum
774 2385 901 2437 ieiunium
918 2385 1043 2454 seqnitur,
1058 2390 1113 2438 tum
1132 2384 1305 2440 hebdomades
1320 2385 1376 2439 iere

237 2463 295 2531 itte,
305 2470 393 2539 quibus
402 2470 524 2525 Nasarati
534 2470 564 2525 iu
574 2472 658 2542 patrie
665 2472 741 2525 vixit.
759 2470 826 2525 Eine
838 2470 871 2523 ad
883 2470 1009 2523 loannem
1019 2472 1165 2537 revertitur,
1177 2488 1193 2524 a
1205 2488 1257 2541 quo
1269 2472 1375 2541 agnitus

238 2564 259 2601 er
268 2552 447 2611 demonstratus
460 2562 512 2621 est,
530 2572 561 2609 ac
572 2562 635 2611 tune
645 2555 761 2609 Andreas
773 2556 847 2611 illum
860 2572 919 2608 cum
931 2557 1002 2609 socio
1014 2562 1119 2610 secutus
1131 2563 1182 2622 est,
1199 2556 1259 2610 inde
1270 2556 1374 2623 Petrus;
1400 2568 1421 2608 ι·
1434 2558 1467 2598 ⁹¹·

237 2638 413 2713 pettulippus
425 2638 624 2708 antisthenem,
636 2642 779 2696 secundum
791 2656 858 2711 qnae
869 2642 969 2711 nuptiis
980 2642 1106 2697 interfuit.
1131 2642 1202 2706 Quae
1214 2643 1302 2696 omnia
1313 2642 1376 2696 duo·

238 2736 301 2776 rena
312 2726 439 2798 baptismo
456 2728 587 2782 mensium
602 2728 738 2781 intervallo
755 2732 831 2796 geste
847 2730 936 2796 putat,
952 2726 1001 2779 hoc
1018 2734 1152 2798 emurque
1164 2728 1196 2781 ad
1207 2747 1243 2782 eu.
1254 2728 1376 2794 Ianuarii,

238 2820 274 2873 qao
284 2808 318 2862 die
328 2813 425 2883 nuptiis
435 2813 568 2879 interluit,
585 2829 645 2867 cnm
657 2832 694 2867 vr.
705 2812 761 2867 Eid.
773 2812 911 2877 Novemb,
924 2816 953 2864 ut
964 2812 1103 2866 arbitratur
1114 2812 1287 2883 Epiphanius,
1305 2830 1322 2866 a
1336 2814 1376 2867 lo·

237 2906 286 2946 esne
295 2896 436 2967 baptizatus
447 2904 525 2952 esset
548 2898 713 2969 (lolliguutur
723 2898 777 2950 dies
790 2916 833 2951 ιι.
845 2896 973 2950 Nimirum
984 2915 1019 2950 ιι
1031 2899 1132 2963 ieiunii,
1144 2904 1201 2951 tum
1211 2916 1265 2964 xrs,
1282 2900 1376 2969 quibus

238 2974 334 3046 hepatia
344 2981 464 3037 Galilaea
475 2984 599 3037 constitit
628 2982 724 3038 Postea
734 2982 843 3035 biduum
859 2998 911 3052 quo
928 2982 961 3035 ed
974 2982 1100 3036 loannem
1116 2984 1233 3037 accessit.
1261 2984 1327 3037 ltenr
1337 2985 1376 3037 bi-

236 3058 296 3116 duum
305 3066 386 3134 eliud,
402 3084 464 3123 cum
475 3068 607 3133 Andreas,
623 3068 684 3121 iude
695 3067 800 3131 Petrus,
818 3082 876 3120 sese
893 3066 926 3120 ad
938 3084 999 3121 eum
1014 3069 1184 3138 applicarunt
1218 3068 1307 3121 Altera
1315 3084 1376 3122 vero

237 3144 266 3197 die
274 3148 397 3224 Philippus
411 3169 442 3207 ac
454 3152 702 3207 Numanaelvocati.
720 3152 839 3222 Demque
850 3154 927 3205 tertio
939 3154 980 3205 die
991 3158 1052 3222 post
1062 3154 1183 3207 ultimum
1194 3152 1259 3207 illud
1269 3153 1378 3207 biduum

238 3235 320 3304 nuptiae
331 3239 494 3293 subsecutae.
516 3238 557 3291 lta
567 3256 602 3292 ιι
614 3238 669 3291 dies
681 3238 826 3308 explentur.

286 3320 312 3377 ll.
322 3341 363 3379 re.
376 3322 425 3375 Καὶ
434 3322 522 3375 lorche
531 3324 620 3393 σημεῖα
629 3320 697 3389 ἐκεῖ]
716 3323 778 3377 Post
786 3324 938 3393 nuptiarum
946 3322 1063 3377 officium
1070 3322 1188 3378 Christus
1198 3322 1379 3394 Gapharnaum

237 3418 278 3457 rese
291 3408 406 3474 contulit,
425 3408 470 3461 uhi
484 3407 606 3479 prodigia
620 3409 704 3462 multa
719 3414 822 3479 patrata
832 3408 912 3462 credit
923 3406 1097 3478 Epiphanius,
1113 3409 1185 3462 velut
1200 3426 1259 3462 eum
1275 3426 1380 3463 socrum

237 3486 286 3543 Petri
294 3489 445 3548 iebrisntem
454 3494 556 3547 sumsit
570 3498 597 3546 et
606 3494 706 3547 aridam
714 3492 829 3547 hominis
841 3510 948 3547 manum
958 3494 1080 3548 restitnit.
1107 3492 1160 3547 Sed
1170 3510 1307 3566 perperam
1314 3494 1379 3549 haee

236 3570 273 3625 leo
282 3578 402 3633 ulracula
412 3580 441 3633 in
452 3578 522 3633 idem
533 3584 636 3650 tempus
649 3580 774 3632 cementa.
797 3576 865 3631 Nam
876 3579 1001 3644 alterum,
1016 3578 1066 3632 hoo
1083 3584 1123 3632 ast
1138 3580 1225 3633 aridae
1235 3596 1329 3634 manus
1340 3596 1380 3633 re·

236 3659 577 3735 uuto‚10ngeportprlus
594 3664 659 3718 illud
675 3665 796 3735 configit,
813 3664 937 3717 nimirum
953 3670 1013 3734 post
1027 3664 1137 3734 paseha;
1152 3666 1296 3718 secundum
1311 3666 1381 3735 qnod

236 3758 269 3809 pet
277 3752 327 3800 san
336 3764 397 3803 cunr
409 3749 544 3820 discipulis
555 3750 665 3803 transiit
690 3750 742 3803 Sed
754 3749 786 3803 de
797 3750 830 3802 ils
841 3756 933 3821 postea
945 3748 977 3802 ad
988 3766 1061 3804 num.
1075 3768 1157 3807 mn.
1184 3750 1311 3821 Imposuit
1320 3750 1381 3822 Epi·

236 3824 310 3894 stuic
320 3834 461 3906 multiplex
473 3850 504 3889 ac
515 3834 632 3889 diversus
643 3834 676 3889 ad
688 3834 871 3906 Gaphamaum
882 3834 969 3888 aditus
980 3833 1085 3890 Christi.

286 3915 465 3991 Ἐντῶιινγὰρ
477 3920 518 3971 ael
530 3918 658 3987 inustae]
691 3920 732 3973 Ex
747 3921 781 3973 iis
799 3936 866 3990 quea
883 3920 988 3973 disserit
997 3920 1158 3991 Epiphanius
1175 3920 1286 3976 efficitur
1302 3923 1381 3993 paulo

237 4004 375 4067 Maltino
386 4010 496 4058 rocetos
516 4022 546 4059 ac
560 4006 611 4059 sibi
621 4006 757 4059 adiunctos
770 4006 916 4075 apostolos,
933 4006 1050 4071 Petrum,
1068 4006 1199 4060 Andream
1215 4013 1241 4060 et
1256 4014 1382 4072 caeteros,

237 4084 480 4157 edpreedicetdonem
491 4105 658 4161 aggressum,
675 4092 754 4144 etiam
771 4097 911 4161 antequam
923 4090 1034 4144 loannes
1050 4092 1078 4143 in
1089 4092 1194 4146 vincula
1205 4094 1382 4147 conficeretur.

237 4168 265 4221 lle
273 4189 319 4243 qua
328 4192 356 4229 re
366 4175 538 4247 postmodum
551 4182 651 4246 egetur,
668 4182 697 4229 nt
715 4182 741 4228 et
753 4176 784 4229 de
796 4176 876 4229 nauli
888 4174 985 4229 (ihristi
996 4192 1026 4228 ae
1038 4192 1100 4230 vero
1112 4178 1234 4250 baptismi
1247 4185 1273 4231 et
1283 4178 1382 4249 passio·

239 4270 267 4309 us
276 4272 345 4315 euno.

287 4344 315 4397 ll.
327 4361 381 4401 ιιι
408 4346 467 4415 llepl
478 4346 535 4398 Θεοῦ
546 4350 584 4417 τῷ
595 4346 733 4417 πνεύματι]
762 4347 867 4401 Praeter
883 4348 1058 4401 coniecturam
1075 4348 1147 4403 illam
1166 4366 1245 4419 quam
1261 4350 1294 4402 ad
1310 4364 1383 4403 orem

240 4424 382 4485 eduximus
393 4432 507 4485 occurrit
518 4432 596 4487 scribi
606 4448 684 4502 posse
696 4432 750 4502 περὶ
762 4424 792 4483 od
804 4436 841 4502 τῷ
854 4450 893 4484 m.

289 4514 466 4579 Κιιῐξιλεξατο
474 4516 517 4567 τὸν
526 4516 638 4587 Πέτρον]
665 4516 794 4589 Egregius
806 4516 848 4571 hio
859 4518 945 4583 locus,
957 4534 992 4570 ex
1001 4534 1052 4589 quo
1061 4518 1144 4590 liquet
1151 4519 1256 4572 Petrum
1266 4518 1384 4575 Andreae

241 4608 262 4646 ἓ
270 4602 368 4657 retnis
381 4602 508 4673 apostolis
525 4618 577 4657 uon
590 4602 682 4659 utatis
694 4608 740 4657 aut
750 4604 894 4658 vocationis
907 4602 1009 4669 ordine,
1026 4604 1072 4657 sed
1088 4606 1245 4675 principatus
1257 4618 1288 4657 ac
1300 4604 1384 4676 digni-

242 4684 297 4750 uus,
307 4688 437 4759 anteponi

292 4770 355 4823 (brol
366 4773 415 4843 γὰρ
428 4772 507 4833 οὕτως
519 4770 542 4825 oi
555 4769 646 4841 ἄλλοι]
663 4774 759 4829 illrum
771 4775 891 4846 estquod
903 4774 952 4829 hoe
964 4777 1021 4830 loco
1033 4779 1127 4830 asserit
1138 4776 1250 4847 primum
1257 4777 1386 4833 Herodem

244 4848 334 4920 heure,
346 4863 438 4929 postea
446 4856 615 4924 Nuaretum,
626 4860 686 4915 iude
695 4860 728 4913 ad
737 4861 895 4931 baptismum
904 4862 1058 4929 accessisse5
1070 4878 1138 4932 quae
1147 4878 1232 4932 neque
1240 4880 1300 4919 eum
1308 4880 1386 4918 evan·

1143 4961 1185 5015 pt
