3650 5642
444 608 522 666 novt

443 782 518 817 unuss
526 773 670 817 nsoncnses
680 763 813 815 lavacrusss
820 763 985 832 oelprosonis
992 763 1129 831 sacrs'siciis
1137 762 1292 825 damnum,
1304 761 1345 813 cel
1353 764 1456 813 incesta
1468 760 1597 812 malunt

440 850 590 919 polluerint,
602 847 705 901 obtuit:
733 846 765 899 Ut
775 846 817 899 bis
826 851 899 899 iusta
911 848 1028 915 epnodurn
1040 846 1185 899 Nicaenans
1200 848 1385 915 satisfactionis
1396 847 1505 915 quidese
1518 846 1600 897 aditus

444 952 492 987 non
509 942 617 1001 necetur,
635 950 666 984 ne
681 932 825 1001 infelicibus
841 934 974 1000 lamnis,
994 932 1034 983 oel
1048 933 1137 983 solatii
1152 936 1232 984 ianua
1252 932 1428 999 desperatione
1450 932 1599 991 claudatur,

362 1075 369 1083 ‚
443 1021 530 1070 acturi
540 1034 599 1069 uero
606 1020 787 1086 poenitentium
797 1034 873 1087 usque
883 1022 911 1069 in
922 1019 986 1069 diens
998 1020 1096 1080 snartis,
1109 1036 1157 1069 non
1168 1021 1221 1068 sine
1231 1034 1275 1081 spe
1287 1024 1368 1067 tossen
1380 1019 1548 1069 remissionis
1558 1024 1601 1065 etc.

442 1102 536 1171 Inque
547 1102 642 1154 mirum
657 1106 709 1165 est,
724 1118 785 1155 cum
799 1100 928 1155 Nicsenus
942 1099 1031 1154 Cenon
1043 1118 1078 1155 ns.
1092 1100 1240 1159 eorumdem
1250 1117 1308 1154 reos
1319 1100 1449 1155 scelerum
1462 1099 1601 1153 duodecim

443 1187 518 1239 sunie
529 1185 657 1239 duntsxst
667 1186 815 1241 redducere
825 1186 927 1250 iubent,
943 1190 1020 1255 etque
1031 1186 1068 1239 itu
1079 1186 1251 1249 reconciliari,
1262 1185 1412 1239 velentinos
1429 1185 1498 1239 illos
1509 1190 1601 1257 peuce,

443 1271 489 1341 qui
498 1288 527 1325 se
535 1270 675 1325 Niceensm
686 1272 815 1341 synodum
825 1271 899 1341 sequi
909 1270 1071 1341 profitentur,
1083 1276 1154 1324 tento
1165 1270 1300 1341 rigidiores
1311 1286 1341 1323 ec
1352 1271 1505 1324 ”veriores
1515 1270 1601 1323 fnisse.

441 1356 483 1409 Ad
498 1354 563 1409 bueo
577 1357 605 1409 in
622 1357 721 1425 synodo
741 1374 810 1428 quse
825 1356 886 1409 Side
900 1356 929 1409 in
945 1354 1097 1427 Psmpbylis
1113 1361 1202 1410 contre
1216 1356 1387 1409 Mussetieuos
1398 1354 1498 1409 habits
1509 1355 1602 1425 legitur

442 1441 512 1512 spud
521 1439 644 1495 Photinus
658 1459 685 1511 p.
698 1460 772 1495 unm.
783 1442 914 1495 decretum
926 1446 977 1507 est,
992 1448 1022 1493 nt
1037 1442 1154 1511 quisquis
1166 1446 1226 1511 post
1236 1440 1384 1493 demnatum
1395 1438 1470 1495 benc
1481 1439 1601 1493 bseresin

442 1542 491 1579 seu
501 1526 587 1580 uerbis
597 1542 644 1579 ssu
653 1526 730 1580 isctie
741 1527 896 1597 contagione
906 1526 977 1579 illius
988 1526 1112 1579 iniectum
1127 1542 1156 1578 ss
1173 1542 1229 1579 esse
1245 1525 1396 1596 prodiderit,
1413 1541 1561 1596 nunquam
1577 1525 1601 1577 in

442 1616 575 1681 posterum
586 1610 744 1676 sdmittstur,
754 1611 873 1681 quumvis
884 1611 978 1665 millies
989 1626 1018 1664 se
1029 1610 1215 1681 poenitentium
1224 1611 1319 1681 medus
1329 1626 1419 1665 omnes
1428 1612 1602 1681 expleturum

442 1696 589 1767 promittetz
609 1694 694 1767 puniri
705 1696 791 1748 λοιπον
804 1695 889 1765 χώραν
900 1693 972 1766 ἔχειν,
984 1694 1042 1765 μηδ’
1056 1696 1083 1747 ἂν
1095 1692 1202 1766 μυριάκις
1214 1692 1391 1765 insuantur,
1404 1694 1451 1763 nie
1465 1693 1535 1756 τάξιν
1548 1690 1601 1745 ἂνο-

442 1780 552 1851 πληροῦν
561 1782 611 1833 τῶν
623 1781 814 1849 μετανοούντων.
831 1780 875 1835 Sic
886 1781 956 1852 spud
966 1781 1107 1835 Eusebium
1118 1782 1176 1835 ivl.
1189 1781 1253 1835 Risu
1265 1780 1334 1835 Ecci.
1346 1797 1368 1834 ο.
1378 1777 1429 1849 μβ’,
1442 1781 1492 1835 vel
1504 1796 1600 1843 xxxin,

443 1864 570 1937 eenpion
585 1881 667 1919 sonu
677 1866 716 1919 rir
732 1867 867 1937 egregium
883 1866 953 1937 quod
969 1867 996 1919 in
1013 1866 1188 1936 persecutione
1199 1866 1287 1937 lapsus
1305 1872 1385 1931 emet,
1402 1866 1519 1920 temetsi
1535 1880 1600 1917 cous·

443 1952 594 2005 munionem
603 1966 726 2022 peresepe
736 1952 907 2022 postulasset,
918 1966 1051 2021 nunquem
1063 1957 1103 2003 est
1113 1950 1251 2005 admissus.
1285 1944 1364 2011 Οὗτος
1376 1948 1503 2011 πολλάκις
1516 1947 1599 2013 ἐδεῖτο

443 2036 484 2087 sai
495 2034 571 2096 οὐδεὶς
583 2038 711 2106 προοιῖχεν
723 2036 804 2106 αὐτῷ,
817 2032 916 2107 καὶγὰρ
928 2034 1040 2088 trebiros:
1054 2042 1083 2089 ut
1094 2036 1126 2089 sd
1137 2036 1247 2089 Fabium
1257 2036 1347 2089 scribit
1358 2036 1506 2105 Dionysius
1519 2036 1599 2095 Alex,

443 2120 489 2190 qni
503 2118 654 2186 Novstinui,
670 2121 786 2191 adeoque
803 2121 925 2192 Cypriani
941 2127 1024 2175 estete
1042 2119 1136 2175 floruit
1169 2120 1247 2174 Addit
1265 2121 1433 2175 nihilominus
1452 2120 1598 2189 Dionysius

442 2205 625 2259 moribundum
635 2206 689 2259 ism
700 2206 867 2277 Serspionsm
877 2223 895 2259 s
905 2222 934 2260 ee
944 2206 971 2259 in
983 2207 1191 2261 communionem
1202 2211 1341 2277 receptum.
1368 2206 1439 2259 Hsea
1449 2212 1482 2261 et
1493 2206 1547 2259 slis
1557 2221 1597 2257 su·

441 2290 529 2361 perine
539 2306 574 2344 ex
584 2292 759 2362 sntiqniornm
770 2293 906 2361 sutoritets
916 2292 997 2345 libate
1008 2292 1115 2361 plenum
1131 2291 1201 2344 istud
1215 2290 1326 2357 iaciunt,
1341 2307 1537 2363 nonnunqnsm
1554 2288 1597 2341 sb

442 2376 599 2431 solutionem
609 2376 801 2447 postulantibus
812 2393 845 2431 ex
856 2393 908 2431 usn
915 2378 1009 2431 ueteris
1021 2377 1145 2431 ecclesius
1155 2376 1308 2447 denegatum
1318 2376 1412 2441 inisse,
1423 2378 1481 2431 imo
1492 2392 1552 2429 rsro
1565 2389 1595 2426 ne

344 2494 366 2535 t·
374 2482 419 2527 m,
442 2460 539 2533 inipso
550 2461 655 2533 quidem
665 2463 755 2516 mortis
765 2462 879 2533 periculo
889 2462 1019 2533 plerisque
1030 2478 1188 2517 concessum.
1222 2463 1269 2515 Hic
1286 2462 1361 2515 iustis
1377 2461 1409 2514 de
1426 2462 1533 2516 caussis
1544 2474 1594 2511 sm·

442 2547 548 2617 bigitan,
559 2553 646 2601 utrnsn
656 2548 797 2601 susteriore
808 2548 853 2601 illo
864 2547 1017 2601 Tertulliani
1027 2548 1143 2613 sucula,
1161 2564 1212 2617 qno
1228 2548 1340 2617 peccatis
1351 2546 1512 2617 quibusdum
1524 2560 1592 2615 spem

443 2648 548 2687 omnem
557 2632 759 2686 reconciliandae
770 2633 869 2701 gratius
879 2638 1041 2704 praereptum
1053 2632 1201 2697 docuimus,
1218 2650 1250 2686 ne
1267 2633 1294 2685 in
1312 2632 1379 2686 ritae
1397 2632 1507 2702 quidem
1524 2630 1593 2683 exitu

442 2722 635 2787 repraesentate
644 2718 792 2771 communio
803 2717 850 2783 sit,
860 2718 938 2787 idque
946 2718 1026 2788 uulgo
1038 2734 1068 2771 ec
1079 2718 1178 2789 pessino
1190 2718 1354 2771 obsecratum
1365 2717 1452 2771 fuerit
1470 2718 1541 2771 Sunt
1551 2712 1592 2785 qui

443 2807 504 2855 snts
512 2801 634 2872 Opprisni
644 2808 762 2873 tempore
770 2818 870 2855 morem
881 2800 951 2855 hunc
961 2803 987 2857 in
999 2802 1108 2856 ecclesis
1116 2802 1230 2873 riguisse
1241 2808 1359 2867 censent3
1370 2818 1422 2873 quo
1434 2802 1555 2874 quidem,
1567 2804 1593 2851 ut

441 2888 556 2955 ingenus
571 2886 700 2956 profitear,
717 2886 869 2941 Tertulliani
885 2902 915 2939 sc
931 2888 1089 2957 reliquorum
1105 2888 1150 2957 qui
1166 2888 1317 2959 disciplinse
1333 2888 1407 2941 istium
1418 2888 1592 2943 meminerunt

441 2972 609 3044 propensiore
619 2971 767 3025 testimonie
776 2977 845 3024 sunt.
879 2971 932 3025 Sed
943 2976 969 3025 et
980 2970 1136 3042 Opprieuus,
1152 2973 1253 3042 quoties
1270 2973 1381 3027 instsnts
1392 2972 1466 3027 abitu
1476 2972 1591 3027 comnin-

442 3059 547 3111 nionem
556 3057 638 3127 lspsis
648 3057 774 3128 impertiri
784 3056 921 3127 prsecipit,
935 3056 1011 3111 noio
1022 3056 1153 3127 significet
1164 3074 1252 3111 recens
1262 3057 1326 3111 iilud
1338 3074 1395 3112 esse
1406 3057 1553 3120 decretum,
1568 3060 1592 3107 et

442 3142 499 3215 χοὶς
511 3142 551 3195 nsi
562 3141 646 3213 πρώην
657 3143 691 3197 sb
702 3142 812 3197 noctuis
821 3142 1005 3207 constitutum,
1022 3158 1073 3213 quo
1085 3148 1160 3195 retus
1174 3148 1201 3195 et
1211 3142 1339 3195 contssris
1349 3142 1384 3195 sit
1393 3142 1523 3214 sbrogsts
1534 3156 1590 3195 ssu·

442 3229 501 3283 ctio.
522 3229 639 3283 Primum
649 3229 720 3283 enim
731 3227 793 3299 quid
803 3228 931 3283 ettinebst
940 3228 1020 3300 lepris
1030 3228 1077 3293 iis,
1092 3227 1137 3298 qui
1146 3226 1292 3281 libellorum
1303 3227 1430 3299 preesidio
1440 3228 1589 3287 niterentur,

442 3316 469 3369 in
480 3315 572 3369 mortis
581 3314 760 3369 teutummdo
771 3314 918 3368 discrimine
930 3312 1139 3368 communionem
1154 3312 1304 3379 concedere,
1320 3328 1416 3383 negare
1430 3313 1553 3377 mictu,
1568 3308 1588 3361 si

442 3400 540 3455 nemini
550 3401 599 3454 sub
609 3406 720 3455 mortem
729 3399 850 3470 negende
859 3415 912 3470 μοι
923 3404 1010 3453 emet?
1041 3398 1138 3452 Deinde
1149 3414 1209 3453 cum
1220 3398 1351 3453 Remmus
1362 3399 1444 3453 clerus
1456 3398 1489 3453 de
1500 3396 1588 3453 eodem

441 3486 547 3555 negotio
558 3486 649 3539 scribit
658 3484 692 3538 sd
700 3484 869 3554 Opprisnum,
880 3483 961 3554 Epist.
970 3500 1051 3549 xm,
1063 3500 1097 3537 ex
1108 3484 1165 3554 ipss
1175 3484 1297 3555 loquendi
1307 3484 1407 3538 radone
1418 3500 1471 3539 nou
1483 3484 1587 3539 obscure

440 3568 510 3621 idem
520 3570 686 3623 demonstret.
705 3570 793 3631 Cuius,
804 3567 901 3637 inquit,
913 3574 1101 3637 temperamenti
1111 3572 1303 3623 moderationem
1315 3588 1358 3623 nos
1368 3569 1410 3623 lsic
1422 3578 1505 3623 unsre
1516 3584 1586 3638 quae·

440 3662 536 3717 reatu,
553 3656 609 3718 diu,
627 3663 653 3705 et
666 3654 764 3722 quidm
780 3653 851 3705 nolti
866 3661 892 3704 et
904 3655 1002 3723 quidem
1020 3670 1074 3707 curn
1090 3656 1237 3723 quibasdam
1248 3658 1372 3724 episcopis
1383 3658 1475 3709 niueis
1486 3656 1556 3709 nobis
1566 3658 1588 3703 et

442 3738 712 3807 appropinquantibus,
724 3745 749 3789 et
757 3752 817 3805 quos
827 3753 858 3788 ee
869 3738 931 3791 aliis
936 3742 1079 3808 psnoinciis
1090 3740 1162 3808 lonpe
1170 3744 1262 3810 positis
1267 3744 1451 3809 persecutionis
1461 3744 1535 3793 estius
1546 3756 1585 3790 ar-

442 3824 489 3875 dor
503 3826 624 3885 moeret,
641 3830 700 3875 onte
715 3825 911 3875 constitutionem
926 3826 1037 3894 episcopi
1053 3824 1119 3877 nilsil
1132 3826 1300 3879 innovandum
1315 3834 1431 3895 putam
1448 3823 1492 3893 lde
1508 3822 1583 3894 leptis

440 3906 560 3960 uidelicet
569 3906 746 3978 recipiendis),
760 3909 807 3959 sed
820 3909 949 3975 kpsoruer
965 3926 1053 3962 ouran
1069 3911 1229 3962 mediocriter
1240 3912 1428 3980 temperandum
1442 3926 1496 3963 esse
1507 3908 1584 3962 credi·

441 4010 507 4055 ssus3
519 4002 548 4047 ut
557 3996 657 4045 intense
669 3996 727 4047 durs
738 3996 869 4063 episcopus
878 3996 942 4046 dari
953 4012 970 4047 o
982 3996 1027 4047 deo
1040 3996 1110 4047 nobis
1119 3998 1262 4059 metiretur,
1274 3999 1301 4047 ise
1311 4012 1427 4066 suspenso
1438 4012 1535 4058 coruus,
1545 3996 1585 4062 ον’

442 4095 526 4131 noras
537 4088 644 4147 possunt
658 4080 788 4133 dilationis
804 4082 938 4143 sucurrere,
954 4096 1047 4133 couun
1059 4090 1180 4144 teneatur,
1197 4098 1280 4134 coruos
1296 4088 1388 4144 eutem,
1404 4098 1506 4149 quernas
1521 4083 1584 4133 os'sce

441 4165 584 4233 suosfinesss
594 4180 687 4231 serpens
697 4169 777 4217 esitus
787 4165 932 4217 dilan'onesss
944 4182 992 4217 non
999 4170 1171 4235 potsstferrs,
1188 4174 1249 4219 octo
1261 4170 1418 4236 paenitentia
1433 4174 1458 4218 et
1467 4168 1582 4235 prossus

435 4254 583 4320 frequenter
592 4265 691 4301 suorusss
702 4252 862 4303 detestatione
866 4253 998 4319 sactorum
1002 4288 1010 4313 ‚
1025 4254 1050 4303 si
1061 4252 1193 4319 lacrpnn's,
1209 4256 1233 4303 si
1246 4252 1390 4321 pensilibus,
1405 4252 1534 4320 sistetibus
1544 4250 1583 4301 do-

441 4336 516 4388 ksts's
526 4352 559 4388 oc
570 4350 628 4387 oere
634 4339 784 4404 poenitentis
795 4338 875 4388 anissi
884 4336 956 4401 sione
963 4337 1137 4403 prodiderint,
1153 4352 1208 4388 cuns
1223 4354 1280 4407 spes
1290 4338 1391 4390 nundi
1400 4336 1532 4389 secundine
1543 4332 1581 4385 lso-

440 4425 530 4473 seiness
541 4420 611 4472 nella
621 4420 770 4484 substiterit,
780 4425 820 4473 ita
831 4422 926 4473 &mun
939 4431 1012 4474 caute
1024 4430 1049 4473 et
1058 4420 1165 4473 sollicite
1174 4421 1307 4475 ulceniri.
1329 4420 1408 4475 Vides
1420 4436 1498 4491 quum
1509 4418 1581 4473 unxit

441 4518 571 4575 quemque
582 4504 680 4559 solicite
694 4520 726 4559 so
739 4511 800 4575 post
814 4507 922 4575 longum
934 4511 1106 4575 erectumque
1121 4506 1334 4561 consultstionenn
1349 4522 1381 4560 eo
1396 4506 1500 4560 denum
1516 4502 1580 4559 ineli-

440 4591 529 4643 nsrint
538 4598 568 4644 ut
577 4590 790 4661 periciitsntibns,
800 4606 832 4644 sc
839 4590 980 4662 desperetis
991 4590 1089 4661 potius,
1100 4592 1308 4647 communionem
1319 4591 1471 4647 conterrent
1487 4590 1526 4644 De
1534 4602 1579 4660 quo

441 4673 530 4744 ntique
541 4674 732 4730 deliberandum
743 4692 795 4729 non
806 4681 875 4741 eret,
892 4676 916 4729 si
926 4682 983 4729 tum
993 4675 1139 4746 legitimum
1151 4682 1178 4731 et
1188 4677 1312 4733 usitatum
1322 4682 1403 4743 esset,
1414 4676 1542 4731 neminem
1556 4674 1578 4727 iu

439 4759 513 4813 exitu
522 4760 590 4813 ritse
600 4777 617 4814 s
627 4761 807 4815 communione
818 4759 954 4831 prohiberi
970 4760 1068 4815 iisdem
1080 4776 1114 4814 ex
1125 4761 1243 4831 Dionysii
1252 4761 1419 4817 Alexandrini
1430 4761 1515 4815 verbis
1526 4776 1578 4815 con·

439 4844 537 4897 iecturs
546 4852 632 4914 petest
641 4847 711 4912 elici,
723 4847 768 4917 qui
778 4846 847 4916 spud
857 4844 951 4900 Euseb.
962 4846 1006 4905 lib.
1013 4862 1048 4905 rr.
1061 4862 1117 4917 esp.
1127 4844 1178 4917 pb',
1188 4848 1230 4903 rel
1239 4864 1336 4913 xxxrn,
1346 4848 1374 4901 in
1384 4847 1430 4901 iiis
1437 4844 1578 4917 Senpiouis
