3650 5642
1289 635 1391 692 coxot

305 791 334 846 il.
345 810 371 846 v.
394 791 468 846 Οὕτω
478 795 521 860 «ἧς
533 789 663 858 ἐκκλησίας
679 789 822 859 iniciens]
855 791 907 856 Qui
923 792 956 846 ad
973 789 1112 862 Epipbauii
1126 795 1240 846 mentem
1257 791 1393 861 diligenter

249 879 354 932 annum
364 877 497 943 adiecerit,
508 894 561 932 non
572 877 701 930 dubitabit
711 877 775 946 quin
787 874 857 928 οὔκω
867 893 915 947 pro
928 876 994 928 eliso
1006 875 1067 930 buio
1076 879 1134 930 loco
1146 877 1180 930 sit
1189 877 1283 947 aptius,
1482 879 1484 884 '

306 961 336 1017 tl.
348 981 384 1018 vr.
408 962 557 1033 idccpapdsb
568 961 585 1013 ἃ
596 959 649 1014 τινά
659 960 710 1014 locu
726 960 895 1031 διολιοιήρια]
930 961 1035 1016 Nullum
1053 962 1180 1016 eiusmodi
1195 961 1350 1016 vocabulum
1365 963 1393 1016 in

248 1048 369 1118 scipturis
385 1049 494 1118 reperio.
526 1047 650 1100 Proxima
659 1063 713 1100 νοι
729 1045 790 1100 buic
807 1055 849 1100 est
864 1052 1000 1108 mmm
1017 1048 1084 1100 inter
1100 1048 1190 1118 templi
1204 1063 1279 1112 ussa,
1294 1063 1360 1117 qnae
1377 1063 1393 1100 a

248 1131 386 1201 llrbploniis
397 1134 499 1203 direpta
508 1139 740 1185 commemorantur
751 1133 861 1184 Hieram.
873 1150 929 1198 um,
944 1132 982 1186 19.
1008 1131 1060 1185 Sed
1078 1149 1130 1185 non
1148 1131 1301 1204 διυλιοιῆρας
1313 1133 1393 1202 signi·

248 1216 306 1281 icat,
315 1235 406 1272 verum
417 1217 517 1288 pelice,
530 1219 599 1288 apud
610 1235 671 1271 ιιι.
682 1218 930 1271 HieronPeulten'a.
947 1217 999 1272 Alii
1012 1222 1175 1272 emunctoria.
1193 1217 1261 1272 Saue
1274 1222 1393 1280 niutau:

243 1306 321 1368 faeces
330 1308 400 1358 eunt
433 1303 487 1370 Sed
501 1303 535 1356 ab
546 1319 578 1356 ea
588 1319 652 1356 voce
662 1301 734 1356 haud
744 1303 799 1356 scio
810 1318 845 1356 an
862 1307 1014 1365 numum
1032 1303 1141 1356 denseri
1152 1304 1254 1373 possint
1264 1321 1311 1374 pro
1325 1305 1394 1368 eolis,

248 1387 329 1454 qubus
340 1389 431 1441 riuum
442 1387 596 1442 deiaeeetur.
628 1388 669 1440 lta
686 1385 790 1456 μιδαὼί
805 1387 875 1441 idem
891 1405 950 1442 esse
968 1405 999 1440 ae
1016 1385 1118 1448 κυάθους
1135 1389 1251 1442 noudum
1268 1389 1393 1459 comperi:

248 1487 314 1539 quun
324 1489 417 1526 vocem
426 1473 473 1526 lib.
483 1472 516 1527 de
526 1473 610 1527 Mens
622 1479 647 1524 et
658 1471 739 1524 Poud.
750 1473 855 1541 repetit,
872 1488 934 1542 pag.
948 1472 1012 1536 182,
1028 1479 1058 1526 ut
1069 1479 1095 1526 et
1106 1473 1308 1530 antecedentem.
1342 1473 1394 1526 Sed

248 1555 337 1618 ινίίως
347 1565 425 1612 vocat
434 1556 552 1627 psuzst.
575 1558 672 1610 Verum
683 1563 804 1647 nttpm
815 1573 832 1610 a
843 1575 905 1612 ιιι.
919 1557 1003 1610 adulor
1013 1558 1161 1614 redduntur.

301 1642 332 1698 ll.
344 1661 392 1698 vn.
414 1642 572 1696 Luculentus
584 1648 625 1694 est
635 1640 677 1694 bic
687 1639 826 1711 Epipbauii
836 1643 922 1707 locus,
940 1658 974 1694 ex
992 1659 1043 1712 quo
1055 1645 1185 1697 variorum
1201 1645 1311 1708 rituum,
1328 1661 1394 1716 quoe

246 1725 361 1780 catholiea
371 1744 403 1781 ac
420 1728 540 1782 Romana
559 1727 668 1780 eeclesia
682 1725 809 1796 hodieque
824 1728 928 1792 retinet,
946 1733 1061 1782 vetustas
1079 1730 1207 1782 asseritur.
1242 1729 1394 1792 Cuiusmofl

246 1819 297 1864 runt
306 1817 437 1866 certorum
448 1813 548 1866 dierum
558 1811 663 1876 ieiunia,
674 1827 765 1881 preces
775 1827 822 1881 pro
833 1813 943 1866 mortuis
956 1819 981 1865 et
992 1819 1142 1867 sauctorum
1153 1815 1257 1883 perinde
1270 1831 1300 1868 ac
1312 1820 1394 1867 caete·

247 1913 321 1950 rorum
332 1898 449 1952 fidelium
461 1897 727 1952 commemorationes
752 1896 791 1950 De
802 1897 897 1966 quibus
907 1897 1017 1967 aliisque
1029 1899 1206 1968 compluribus
1219 1899 1275 1968 agit
1284 1901 1311 1952 iu
1323 1900 1394 1952 calce

246 1980 311 2035 luins
321 1984 421 2054 operis,
430 1984 460 2037 in
468 1983 639 2053 Expositioue
646 1981 719 2035 Fidei
727 1981 882 2036 Catholicae.
900 1981 1074 2045 Quamobrem
1086 1985 1114 2038 iu
1126 1985 1198 2038 illum
1211 1985 1296 2054 ipsum
1308 1985 1394 2037 locum

246 2069 405 2136 opportunius
422 2068 576 2132 conferetur,
593 2067 695 2136 siquid
712 2067 746 2120 ad
761 2067 942 2122 illustrandam
960 2067 1145 2122 catholicorum
1161 2069 1313 2139 dogmatum
1329 2070 1395 2122 anti·

247 2151 359 2220 quitatem
371 2153 547 2208 adnutamum
557 2152 693 2206 ridebitur.

400 2375 447 2429 AD
465 2374 638 2428 HAERESIM
654 2373 780 2441 lxxvi,
799 2373 888 2438 QUAE
904 2375 969 2429 EST
986 2345 1232 2429 Auouououu'ut.

300 2494 331 2548 tl.
342 2513 363 2550 r.
386 2494 546 2566 Προοχθέντα
558 2491 598 2547 διὰ
607 2494 651 2562 τὴν
663 2493 760 2562 citou]
795 2495 924 2549 Constans
936 2501 976 2548 est
987 2496 1013 2548 in
1026 2511 1056 2549 ea
1071 2496 1203 2565 opinione,
1221 2509 1300 2564 qnam
1317 2511 1395 2564 snpra

246 2581 382 2650 proposuit,
397 2586 430 2634 ut
437 2581 554 2644 ditium,
572 2597 650 2650 quem
666 2596 683 2632 a
698 2580 807 2634 Leontio
819 2581 980 2634 Antiocheno
992 2581 1088 2634 caeteri
1098 2580 1237 2634 diaconum
1248 2581 1394 2634 ordinatum

246 2671 366 2730 memus,
377 2681 395 2718 a
407 2665 520 2735 Georgio
530 2665 707 2719 Alexandrino
718 2666 745 2718 id
756 2665 889 2735 dignitatis
901 2671 1069 2718 consecutum
1080 2667 1220 2722 existimet.

301 2749 358 2811 Πῶς
370 2750 415 2821 μὲν
423 2749 467 2817 τὴν
475 2751 555 2820 νίτρον
567 2749 663 2803 iaceas
674 2748 796 2819 ἐξέλαβο]
812 2751 952 2803 Nitrurs'oc
961 2755 1079 2819 eprepiue
1088 2753 1236 2821 Aeqyprto,
1249 2751 1286 2804 ait
1296 2751 1395 2804 Plinius

245 2833 281 2886 lib.
289 2853 359 2889 ιιιι.
372 2852 430 2906 cap.
440 2853 466 2888 ι.
488 2836 554 2888 ilinc
565 2835 648 2888 Nitria
658 2836 771 2905 Aegypti
785 2835 959 2905 praefectura,
977 2837 1065 2890 enitri
1077 2837 1166 2906 copia,
1183 2841 1213 2890 ut
1228 2836 1306 2890 reiert
1317 2836 1395 2890 Soco-

245 2933 326 2973 nenus
336 2921 383 2974 lib.
393 2939 429 2974 vu
441 2936 497 2991 cap.
505 2938 568 2974 ιιι.
590 2921 690 2973 Horum
700 2922 780 2990 igitur
792 2936 823 2973 ac
834 2921 993 2990 reliquorum
1004 2921 1171 2990 uectigalium
1182 2921 1330 2992 redemptor
1340 2921 1395 2974 iue-

244 3012 278 3056 rat
288 3005 429 3076 Georgius,
442 3005 510 3076 quod
521 3003 631 3074 ἐκλαβεῖν
643 3005 758 3076 appellat
767 3003 936 3076 Epiphanius.
967 3004 1056 3075 Neque
1069 3007 1138 3058 enim
1150 3007 1224 3059 aliter
1234 3007 1396 3077 interpretari

245 3089 449 3160 istaposeumus.

301 3175 346 3237 Ὣς
357 3175 401 3229 ael
411 3174 494 3236 κλίνας
505 3173 640 3242 laminae]
667 3173 741 3238 Quod
752 3173 914 3228 acatholicis
926 3174 1126 3244 imperatoribus
1138 3175 1220 3243 proba
1231 3192 1261 3228 ac
1272 3177 1395 3230 laudabili

244 3259 294 3329 lege
303 3261 487 3325 constitutum,
498 3260 723 3330 Constantinopoli
734 3260 839 3329 quidem
847 3260 965 3312 maxime
976 3275 993 3310 a
1005 3257 1183 3314 Constantino.
1214 3260 1282 3314 Nam
1294 3277 1310 3314 u
1321 3262 1395 3314 deca·

244 3345 278 3396 uis
288 3354 313 3399 et
322 3346 460 3400 lecticariis
471 3346 574 3416 publice
584 3346 653 3400 elata
664 3352 725 3399 eunt
735 3361 855 3415 corpora,
873 3361 940 3414 quos
952 3349 978 3396 et
989 3341 1105 3405 sectaris
1117 3350 1144 3398 et
1154 3347 1302 3414 vespillones
1312 3347 1394 3400 uomi-

244 3439 307 3496 cam,
317 3431 350 3484 de
361 3431 458 3501 quibus
466 3432 496 3484 in
506 3431 578 3484 calce
590 3430 674 3500 operis
686 3429 771 3484 buius
794 3430 829 3482 At
841 3429 969 3498 Georgius
982 3431 1105 3493 Manus,
1117 3431 1267 3484 mortalium
1278 3432 1392 3485 omnium

245 3516 442 3581 sordidissimus,
453 3533 488 3568 ex
497 3532 531 3568 ea
541 3531 569 3568 re
579 3515 682 3568 lucrum
692 3531 724 3568 ac
734 3515 918 3585 compendium
930 3516 1058 3584 captabat.

302 3601 349 3654 Καὶ
358 3602 448 3653 σιωπῶ
456 3597 488 3652 τὰ
495 3596 561 3652 ἄλλα
570 3599 667 3670 λέγειν]
684 3600 799 3654 Verbum
809 3599 951 3670 κομίζεσθαι
962 3601 1036 3654 aliter
1047 3600 1164 3654 fortassis
1175 3601 1394 3672 interpretandum

245 3701 315 3752 quam
325 3687 394 3740 utin
405 3685 505 3739 Latinis
516 3686 613 3738 nostris
624 3685 785 3754 exprimitur,
801 3686 925 3738 nimirum
943 3693 1079 3755 quaestum
1092 3703 1164 3739 exre
1176 3687 1293 3756 qualibet
1303 3688 1396 3742 secisse

245 3769 392 3841 Georgium,
407 3777 502 3840 utputa
518 3787 552 3824 ex
568 3771 675 3824 lautitfie
692 3776 720 3824 et
730 3770 845 3840 cupediis
850 3809 858 3835 ‚
875 3785 941 3840 quse
953 3771 1126 3826 Alexandriae
1137 3771 1323 3838 vendebantur,
1341 3789 1396 3826 ma-

245 3856 306 3908 une
316 3858 345 3910 in
356 3854 508 3925 εὐδαιμόνων
519 3855 600 3925 intpp
610 3855 642 3908 de
653 3871 707 3925 qua
717 3855 750 3908 ad
760 3855 848 3908 Arian.
859 3854 929 3908 haer.
941 3855 1101 3921 dictumest,
1120 3862 1176 3910 tum
1191 3859 1300 3912 caeteris
1312 3875 1345 3911 er
1357 3876 1395 3912 re·

245 3939 295 3995 bus.
325 3941 428 4006 Quibus
439 3941 566 3994 accedunt
575 3957 641 4010 quae
652 3957 698 4010 pec
709 3957 839 3994 summam
849 3940 1028 3994 crudelitatem
1040 3941 1170 4010 exigebat.
1206 3941 1273 3996 Nam
1285 3943 1396 3996 Alexan·

245 4024 371 4080 itinerum
387 4026 568 4096 episcoporum
583 4041 681 4094 magua
695 4025 867 4080 Alexandriae
883 4030 999 4096 potestas
1016 4024 1074 4078 init
1106 4025 1144 4078 De
1156 4025 1274 4082 Dioscori
1284 4029 1396 4080 Alexan·

245 4108 304 4163 driui
318 4111 409 4164 itidem
424 4111 539 4181 episcopi
555 4111 651 4180 iniquia
662 4126 693 4164 ac
704 4112 847 4180 tyrannicis
858 4111 1039 4164 exactionibus
1050 4109 1133 4162 miella
1144 4112 1256 4180 sparsim
1267 4119 1358 4166 extant
1368 4113 1393 4166 iu

245 4193 358 4252 Gholoed.
369 4195 485 4264 Synodo.

303 4281 337 4336 ll.
348 4299 389 4336 nn
412 4280 543 4350 Γιγονότες
554 4279 608 4350 ἅμα
617 4278 735 4351 Ἀστερίῳ
747 4281 813 4348 τινί]
849 4281 889 4334 De
900 4297 952 4350 quo
965 4279 1084 4334 Socrates
1095 4279 1140 4334 lib.
1150 4298 1168 4336 ι.
1181 4297 1237 4352 cap.
1246 4299 1336 4334 ιιινι.
1348 4280 1395 4336 So·
1420 4303 1442 4342 p.
1450 4293 1494 4336 too.

244 4380 302 4419 aona
313 4367 360 4420 lib.
369 4384 399 4420 n.
409 4382 467 4437 cap.
474 4383 548 4420 ιιιι.
570 4366 691 4420 Meminit
700 4372 728 4419 et
736 4364 896 4419 Athanasius
906 4366 952 4418 lib.
964 4364 996 4418 de
1007 4363 1127 4432 Synodis.
1161 4365 1209 4418 Hic
1220 4366 1288 4436 quod
1299 4365 1326 4418 iu
1337 4381 1394 4436 per-

245 4452 370 4506 secutione
380 4451 565 4516 sacmiicaaaet,
577 4451 701 4516 ordinari,
714 4451 782 4520 quod
794 4451 910 4521 apprime
921 4449 1052 4519 cupiebat,
1064 4467 1117 4504 uon
1129 4451 1219 4520 potuit

303 4534 424 4608 Ὕστερον
435 4534 476 4588 ia'
489 4535 570 4588 αὐτῶν
581 4538 631 4588 τῶν
643 4536 792 4606 Ἀριανῶν]
807 4536 848 4589 Ab
859 4536 892 4588 iis
903 4534 1023 4588 uidelicet
1033 4535 1173 4606 episcopie,
1185 4535 1231 4604 qui
1242 4550 1276 4588 ex
1287 4539 1395 4604 utroque

246 4622 360 4687 concilio,
375 4621 535 4674 Ariminensi
554 4637 585 4674 ac
604 4621 776 4686 seleuciensi,
797 4620 1050 4690 Constantinopolim
1070 4621 1102 4672 ad
1122 4619 1302 4674 Constantium
1321 4621 1395 4674 missi

246 4712 324 4771 sest,
335 4707 492 4776 quibuscum
502 4705 644 4776 disputarit
653 4705 752 4760 Aitius.
775 4705 935 4760 &eumenus
946 4705 991 4758 lib.
1000 4723 1037 4760 rv.
1050 4721 1104 4776 cap.
1114 4723 1178 4760 ιιιι.

304 4791 338 4844 Ν.
348 4810 395 4846 vm
428 4788 491 4844 'Aah
508 4790 552 4861 plo
569 4795 614 4844 τοῦ
631 4789 763 4860 ‘lippareos
780 4789 880 4860 olm]
913 4791 1041 4846 Hebraico
1059 4791 1098 4844 ita
1116 4789 1273 4860 concipitur:
1303 4795 1394 4854 trum

247 4847 334 4947 mbo
353 4845 450 4950 urbo
470 4881 566 4940 stau
583 4880 678 4962 *penu
699 4882 762 4941 'tat
781 4878 891 4940 mena
908 4880 1007 4940 tutu
1024 4879 1109 4968 ptus
1124 4883 1171 4937 tu
1188 4881 1265 4938 aare
1282 4879 1395 4944 utnon

1153 4977 1194 5032 T·
