3650 5642
463 616 556 674 0an

362 786 382 826 u
393 776 436 817 1⁵2
462 790 560 827 aunum
571 772 657 843 ipsum
668 770 797 841 recepisse
808 768 878 823 domi
889 769 999 824 ludaeos
1015 784 1095 840 quarn
1109 766 1159 823 hoc
1174 773 1289 839 ternpore
1302 767 1370 839 apud
1381 766 1461 821 ltelos
1471 770 1517 819 aut
1526 762 1596 819 Galus

463 860 566 911 lunares
577 857 691 910 Arabum
706 872 789 909 anuos
806 856 952 921 observari,
967 854 1035 925 quod
1047 855 1151 908 illorum
1161 855 1272 925 scriptor
1282 854 1390 924 aliquis,
1405 869 1468 907 cuns
1477 852 1595 905 l'urcm

461 942 581 995 historias
594 941 726 1005 scriberet,
737 958 784 1011 per
795 940 905 1011 liegirae
917 957 1000 993 anuos
1011 956 1149 993 numerare
1160 946 1264 1010 tempus
1274 939 1425 993 instituerit
1452 937 1520 991 llieri
1528 937 1597 1003 itaque

461 1034 547 1097 potest
565 1032 594 1080 ut
610 1027 827 1079 Maocsbseorunr
845 1033 921 1079 autor
933 1025 1038 1079 Graecis
1054 1026 1082 1078 in
1098 1027 1177 1079 rebus
1190 1024 1317 1079 (ireseum
1331 1030 1480 1094 temporum
1493 1023 1598 1075 τιιὶιιειι

461 1113 635 1183 usurpaverit,
648 1128 664 1164 s
675 1112 759 1182 patris
770 1111 962 1181 domesticaque
972 1110 1114 1176 diversam,
1125 1116 1172 1164 aut
1182 1117 1264 1175 certe,
1275 1116 1306 1163 ut
1315 1110 1481 1181 popularium
1491 1121 1599 1161 annorum

460 1214 598 1251 numerum
610 1213 626 1249 a
638 1196 798 1251 Graecorum
810 1212 871 1249 scra
883 1196 1031 1262 deduxerit,
1047 1198 1185 1266 solumque
1195 1197 1235 1249 uti
1244 1196 1343 1249 dictum
1353 1201 1407 1261 est,
1424 1194 1527 1249 titsslnrn
1537 1190 1599 1243 (inc

461 1298 549 1335 corum
560 1282 593 1335 sd
605 1299 667 1335 snos
680 1300 762 1337 anuos
774 1282 1016 1337 accommodaverit
1050 1282 1113 1346 Quis
1130 1289 1160 1335 ut
1174 1282 1244 1335 aliud
1260 1282 1376 1336 dicsmus
1391 1296 1487 1351 cogere
1497 1295 1543 1331 nos
1552 1276 1600 1327 scri·

459 1370 541 1439 pteris
559 1369 637 1421 ullius
653 1368 790 1422 autoritate
806 1372 909 1439 potest?
943 1368 1069 1437 hiagnsm
1079 1366 1194 1421 hominis
1208 1367 1393 1421 confidentiam
1403 1366 1446 1420 rel
1457 1362 1600 1419 oscitantisn

460 1460 561 1523 oportet
578 1453 670 1520 inisse,
687 1455 731 1523 qui
752 1454 889 1507 levissimis
910 1454 1072 1522 argumentis
1092 1453 1212 1507 inductus
1231 1452 1364 1507 sternere
1377 1458 1433 1505 tarn
1453 1448 1562 1505 obscuris
1575 1446 1599 1495 de

459 1539 537 1593 rebus
549 1540 605 1593 siue
616 1538 786 1593 haesitatione
798 1538 849 1591 ulle
860 1539 981 1609 potuerit

505 1693 571 1759 QUO
589 1692 715 1748 hemum
730 1691 822 1745 ANNO
841 1690 896 1745 USI
913 1691 990 1745 SINT
1006 1691 1131 1747 lUDhEI.
1168 1692 1226 1746 UBI
1242 1692 1286 1745 hu
1304 1687 1566 1745 osssctlmssfflt's

649 1779 695 1833 EX
714 1776 892 1831 EPlPHdNIO
910 1777 1063 1831 ILLORUM
1079 1777 1208 1831 orchus
1225 1777 1431 1833 excolimus.

526 1882 630 1936 Atesim
641 1880 725 1934 lunsri
742 1896 810 1934 anno
822 1880 932 1933 Iudaeos
947 1897 1010 1934 usos
1025 1898 1083 1934 esse
1093 1880 1282 1951 propemodum
1291 1882 1417 1934 mortales
1428 1894 1518 1933 omnes
1529 1872 1600 1927 existi

458 1974 539 2021 mant.
576 1966 691 2036 Ecquem
702 1966 782 2036 igitur
793 1966 904 2019 formem
917 1967 1004 2037 potius
1016 1983 1095 2036 quam
1106 1965 1265 2037 Calippicam
1276 1967 1394 2037 amplexi
1404 1970 1484 2019 sunt?
1516 1961 1543 2013 Si
1551 1958 1599 2025 iiiut

458 2051 596 2123 psrchesm
613 2058 639 2105 et
654 2067 733 2122 quam
748 2052 972 2105 accuratissimam
982 2058 1058 2122 putat
1067 2051 1186 2122 Scaliger
1196 2052 1366 2105 recentiorem
1377 2050 1509 2105 ludsicssn
1519 2046 1600 2102 dixsse

457 2138 542 2191 dicam
554 2137 624 2207 quod
636 2138 663 2189 in
675 2138 743 2207 lssg.
757 2136 854 2192 Ganos.
866 2138 909 2191 lib.
920 2156 960 2191 ιιι.
972 2154 997 2206 p.
1008 2137 1067 2191 215.
1079 2137 1149 2190 idem
1160 2138 1203 2191 ille
1214 2136 1317 2190 disertis
1328 2137 1415 2190 serbis
1427 2138 1559 2190 asseverat.
1577 2127 1599 2179 lt

458 2239 509 2292 quo
521 2238 619 2293 magno
631 2240 659 2276 se
671 2222 781 2276 ludibrio
792 2223 915 2287 traducit,
931 2222 993 2275 duur
1010 2239 1059 2275 sua
1075 2223 1277 2276 omniadecreta
1291 2218 1568 2277 connecteremus,
1580 2219 1599 2263 θ(

458 2324 524 2377 quse
536 2314 608 2361 tento
625 2326 685 2361 cuns
699 2314 795 2361 conatu
807 2308 837 2360 de
850 2307 945 2361 Christi
960 2308 1082 2377 passione
1098 2309 1203 2379 saepius
1220 2309 1396 2374 adstruxerat,
1412 2322 1484 2361 nors
1498 2305 1541 2358 ills
1554 2314 1599 2352 stt

457 2396 539 2447 tentis
550 2394 678 2447 convellit.
712 2394 763 2447 Sed
780 2400 900 2447 neutrum
917 2393 1051 2463 periodum
1067 2394 1137 2464 apud
1147 2394 1258 2447 ludaeos
1273 2410 1322 2447 usu
1339 2409 1370 2447 ac
1381 2389 1598 2447 comesurum

458 2486 559 2551 ceptam
572 2480 648 2533 iscile
659 2479 779 2532 dixerim.
801 2478 930 2533 Lucerem
948 2478 1052 2549 quidem
1065 2484 1166 2533 motum
1176 2485 1307 2551 utcunque
1317 2480 1378 2533 illos
1388 2478 1496 2549 assequi
1503 2472 1599 2528 rolusstt

457 2568 584 2637 suspicor.
605 2565 671 2619 Nem
682 2564 709 2617 id
721 2564 812 2617 suadet
823 2562 961 2635 Iosephus,
973 2566 1019 2634 qui
1029 2565 1073 2618 lib.
1082 2583 1122 2619 ur.
1135 2565 1206 2635 0rig.
1219 2581 1276 2636 cap.
1285 2582 1311 2618 x.
1322 2564 1354 2617 de
1365 2562 1490 2635 parchste
1499 2562 1598 2628 loquere

458 2652 502 2721 Τῷ
515 2649 541 2702 sl
553 2650 622 2720 pull,
638 2650 735 2719 inquit,
752 2652 789 2719 τῷ
802 2650 930 2721 Ξανθικῷ,
945 2648 973 2710 ὃς
985 2650 1075 2702 Νισσὰν
1087 2648 1146 2721 παρ’
1157 2650 1216 2720 ἡμῖν
1228 2650 1350 2718 salutm,
1365 2650 1407 2702 καὶ
1418 2654 1464 2702 τοῦ
1474 2645 1539 2705 istut
1548 2638 1598 2693 ἐπὶ*

457 2734 535 2805 ἀρχὴ,
547 2731 795 2805 τεσσαρεσκαιδεκάτῃ
808 2734 870 2787 κατὰ
882 2734 997 2802 σελήνην,
1010 2732 1034 2785 ἐν
1046 2739 1108 2805 κριῷ
1119 2739 1163 2786 τοῦ
1175 2734 1246 2801 ἡλίου
1257 2735 1418 2795 καθεστῶτος.
1452 2734 1507 2788 Nec
1520 2746 1566 2783 nou
1578 2731 1598 2777 tl

456 2818 541 2885 Philo,
554 2820 599 2889 qui
608 2820 653 2874 lib.
666 2819 698 2873 de
706 2819 766 2873 vita
773 2820 855 2873 Musis
867 2818 930 2872 heco
942 2820 1043 2872 scribit:
1055 2818 1100 2889 Τῷ
1112 2819 1139 2871 tl
1151 2820 1208 2889 μηνὶ
1219 2822 1309 2891 τούτῳ,
1321 2820 1375 2892 περὶ
1386 2809 1599 2891 τεσσαρεσκαιδτύ·

457 2922 499 2970 ιην
511 2904 603 2975 ἡμέραν
616 2903 750 2975 μέλλοντος
762 2908 806 2955 τοῦ
818 2903 963 2969 σεληνιακοῦ
975 2903 1067 2955 κύκλου
1079 2904 1186 2974 γίνεσθαι
1201 2905 1368 2976 clusenses,
1384 2903 1469 2975 ἄγεται
1484 2904 1515 2956 τὰ
1530 2897 1598 2965 dui*

456 2990 527 3061 τήρια
537 2988 678 3060 δηροφανὴς
691 2988 770 3060 ἑορτή.
804 2988 934 3043 Nimirum
948 2989 976 3043 id
991 2990 1019 3042 in
1035 2990 1123 3043 mimo
1134 2990 1186 3043 illis
1198 2996 1266 3056 erat,
1282 2997 1312 3044 ut
1325 2991 1359 3045 ad
1368 2992 1447 3045 lunae
1457 2994 1542 3045 moins
1552 2999 1598 3054 ptt

455 3077 514 3148 pius
524 3075 688 3143 accederent3
704 3076 753 3129 etsi
767 3080 872 3147 propter
888 3075 955 3146 cycli
967 3076 1053 3129 lahem
1065 3092 1096 3131 eo
1106 3076 1198 3129 sitium
1209 3076 1338 3130 interdum
1349 3078 1507 3131 aborrereut.
1537 3065 1598 3133 0³⁰³

456 3168 482 3215 ot
493 3160 699 3217 Christianorum
710 3162 829 3233 exemplo
843 3161 966 3215 declarari
976 3167 1070 3232 potest
1101 3160 1168 3215 Nam
1179 3167 1210 3215 ut
1218 3162 1258 3215 illi
1268 3178 1329 3215 cum
1339 3161 1471 3233 paschatis
1482 3156 1597 3215 celebrita-

455 3254 508 3303 tem
520 3248 553 3302 sd
563 3249 642 3303 lunae
654 3248 806 3320 ψηφισροὶις,
821 3254 948 3319 qusntum
959 3248 1042 3301 civilis
1052 3265 1116 3302 usus
1127 3249 1231 3319 patitur,
1246 3249 1353 3318 exigere
1368 3254 1521 3302 mouentur
1534 3242 1598 3309 idque

454 3335 482 3388 in
494 3333 607 3389 Nicaeuo
619 3335 729 3389 concilio
741 3334 872 3389 decretum
884 3340 966 3399 esset,
981 3334 1009 3387 in
1025 3339 1098 3387 tenta
1112 3349 1199 3389 rerum
1214 3334 1446 3387 ashouomicsrum
1459 3334 1516 3387 luce
1525 3344 1553 3383 ao
1562 3340 1597 3395 pt

455 3410 525 3486 ritis,
540 3427 629 3475 tamen
646 3420 762 3490 effugere
779 3436 832 3473 non
848 3425 999 3489 potuerunt,
1015 3420 1078 3489 quin
1092 3420 1226 3473 collectsm
1238 3420 1339 3490 sliquot
1348 3419 1460 3473 suculis
1471 3420 1552 3472 lehem
1561 3426 1598 3462 su·

455 3520 547 3557 uorum
560 3504 592 3557 sd
604 3504 667 3559 haec
678 3510 768 3559 nostre
778 3510 879 3557 temore
889 3511 1076 3575 propagarent3
1093 3512 1123 3559 ut
1136 3521 1154 3558 a
1169 3506 1233 3559 solis
1247 3511 1322 3559 motu
1332 3505 1421 3559 decem
1431 3510 1502 3558 totos
1512 3502 1571 3559 lies.
1584 3510 1596 3544 ⁸

454 3590 539 3641 lunari
551 3596 661 3659 quotuor
672 3592 826 3643 aberrarent.
850 3587 978 3652 Quocirca
987 3590 1056 3643 idem
1067 3590 1169 3644 ludaeis
1185 3591 1304 3644 evenisse
1316 3608 1372 3644 uon
1381 3590 1472 3644 dubito
1483 3596 1513 3643 ut
1521 3596 1596 3639 eom

355 3704 376 3745 p,
386 3695 429 3737 ιω
454 3674 607 3726 neomeniae
623 3674 702 3727 hiduo
719 3690 750 3726 ao
765 3673 850 3727 triduo
867 3690 1055 3744 nonnunquam
1069 3692 1086 3729 a
1096 3676 1188 3730 mediis
1199 3677 1276 3730 lunae
1286 3676 1402 3730 motibus
1412 3691 1444 3729 ac
1454 3676 1522 3729 seris
1532 3670 1597 3723 etim

454 3756 626 3813 deflecterent.
661 3759 700 3811 De
717 3760 790 3827 cyclo
808 3764 835 3811 et
850 3774 978 3813 annorum
994 3761 1067 3828 orbe,
1083 3762 1111 3815 in
1127 3778 1212 3833 quem
1219 3763 1372 3819 neomenias
1382 3762 1543 3821 incluserint,
1557 3750 1596 3805 etti

454 3842 519 3897 nihil
530 3844 670 3897 admodum
678 3842 785 3908 definio,
797 3844 937 3898 verisimile
945 3850 1034 3899 tamen
1042 3847 1160 3913 arbitror,
1173 3848 1242 3918 quod
1250 3850 1279 3901 in
1286 3846 1335 3901 hac
1343 3847 1445 3902 haeresi
1451 3839 1595 3918 Epiphsm‘tt

448 3930 575 4000 exponit,
592 3946 654 3983 usos
672 3946 729 3983 esse
742 3926 836 3983 Christi
847 3934 963 4001 tempore
974 3931 1084 3986 ludaeos
1100 3934 1205 4004 periodo
1223 3932 1336 4005 quedam
1350 3948 1478 3987 annorum
1489 3949 1540 3994 xrs,
1551 3925 1594 3979 titt

452 4032 552 4071 xxxxrv
561 4016 657 4087 potios.

521 4100 571 4166 Qui
588 4102 692 4172 quidem
708 4100 846 4173 Epiphanii
862 4100 935 4155 locus
950 4102 1091 4172 plurimum
1107 4104 1184 4158 dehet
1197 4104 1372 4159 eruditissimo
1382 4104 1506 4175 Keploro,
1522 4096 1593 4171 quii!

453 4190 551 4259 eclogis
562 4186 752 4258 chronologicis
764 4186 969 4240 luculentissima
979 4188 1155 4259 disputstione
1164 4189 1192 4243 id
1203 4192 1345 4261 praestitit,
1360 4196 1391 4243 ut
1403 4206 1438 4244 ex
1448 4187 1491 4243 his
1502 4180 1594 4243 saletris

453 4290 584 4344 emergere
596 4288 626 4325 ac
637 4274 723 4326 lucem
734 4274 846 4343 sliqusm
861 4271 901 4325 his
917 4272 944 4325 in
959 4274 1073 4327 tenebris
1087 4276 1183 4329 intueri
1198 4292 1343 4347 possemus.
1377 4274 1467 4346 Neque
1483 4276 1549 4329 enim
1563 4271 1593 4319 ⁰³¹

454 4362 521 4413 ullus
533 4360 602 4430 apud
612 4356 787 4429 Epiphanium
798 4358 931 4412 obscurior
941 4372 973 4411 sc
984 4358 1114 4413 difficilior
1124 4362 1203 4415 locus.
1226 4362 1265 4415 Ao
1274 4378 1329 4427 ms,
1342 4362 1496 4433 priusquam
1506 4349 1593 4427 Ksplcti

452 4446 637 4526 pommentsria
648 4450 741 4497 nactum
752 4460 851 4509 essem,
866 4442 1031 4497 vehementer
1041 4452 1163 4513 torsorst,
1179 4452 1206 4499 et
1220 4446 1339 4501 nonnihil
1353 4452 1442 4500 tamen
1456 4462 1527 4500 eram
1536 4454 1593 4495 sset

455 4536 543 4596 cutus;
555 4531 625 4601 quod
636 4530 704 4583 illius
717 4544 765 4599 ope
776 4528 943 4599 postmodum
954 4530 1094 4601 erpoliisse
1104 4548 1147 4585 me
1156 4532 1248 4598 lsteor,
1260 4550 1291 4586 sc
1302 4532 1430 4603 quaedam
1441 4533 1520 4585 etism
1530 4524 1591 4601 pult

452 4630 483 4667 ac
493 4616 536 4669 ille
547 4618 610 4671 iecit
624 4616 698 4669 aliter
715 4612 868 4684 explicasse.
905 4616 978 4669 Licet
993 4623 1080 4670 eutem
1096 4633 1130 4669 ne
1144 4618 1202 4688 ipse
1216 4619 1322 4689 quidem
1336 4618 1388 4672 sihi
1397 4618 1523 4687 lisplerus
1533 4610 1592 4669 sctis
1609 4606 1611 4615 ’

451 4700 538 4766 facist,
549 4718 634 4773 neque
643 4716 692 4772 ego
701 4700 822 4753 extricari
830 4716 907 4771 posse
916 4701 1046 4755 contem
1055 4703 1152 4769 omnia,
1163 4703 1232 4775 quod
1241 4720 1318 4758 nemo
1325 4709 1427 4775 prester
1434 4701 1591 4774 Epiphanius

450 4786 516 4855 cycli
526 4788 602 4841 istius
612 4786 760 4841 meminerit
770 4792 797 4839 et
806 4788 887 4839 recha
897 4788 956 4859 ipss
966 4788 1091 4859 mendosa
1101 4789 1165 4854 sint,
1179 4806 1324 4861 propensus
1336 4796 1437 4855 tamen,
1455 4790 1539 4859 quossi
1548 4786 1591 4839 bre

450 4870 557 4923 sissimo
566 4872 766 4942 plenissimeque
775 4877 877 4941 potero,
889 4889 956 4943 quac
967 4878 1013 4927 sut
1020 4890 1082 4928 vera
1092 4890 1150 4927 esse
1161 4876 1259 4942 iudico,
1271 4882 1318 4928 aut
1325 4882 1394 4929 certe
1401 4877 1469 4931 reris
1477 4875 1589 4945 propiore
