3650 5642
436 611 505 671 CLX

436 767 572 822 emendare
584 766 715 837 cupientes
726 762 823 835 posohs
834 780 911 819 suum
926 764 954 817 in
971 782 1014 819 xx.
1026 761 1115 817 idsrtii
1130 759 1199 815 diem
1215 756 1356 824 distulisse,
1374 772 1429 830 qno
1444 771 1546 829 possus
1559 763 1595 809 sot

436 852 565 917 Christus,
582 868 633 922 qno
650 851 772 904 nimirum
785 850 891 921 propius
903 850 937 902 sd
948 848 1139 919 aequinoctium
1153 846 1313 910 soosdereut,
1329 845 1371 897 vei
1386 845 1472 898 etism
1487 844 1595 897 eoetssm

435 937 613 1009 plenilunium.
648 936 714 989 Nsnr
728 936 777 989 hoo
788 936 868 989 verbs
884 936 942 1005 ipss
957 934 1034 987 tsoite
1051 933 1240 986 demonstrsnt:
1258 930 1299 982 ssi
1314 927 1428 999 ioppspts
1445 927 1499 999 πρὶν
1519 928 1597 980 otus

436 1022 570 1073 Καλανδῶν
582 1019 739 1091 Ἀπριλλίων,
753 1019 784 1073 δι’
795 1021 825 1086 ἣν
838 1018 996 1085 πλανηθέντες
1008 1017 1143 1087 ὖαίρβαταν
1155 1016 1213 1087 ρίαν
1223 1014 1314 1086 ἡμέραν
1325 1012 1455 1081 ἐποίησαν.
1477 1014 1551 1083 Ergo
1561 1012 1597 1063 dei

436 1105 478 1174 τὴν
491 1104 623 1177 ἰσημερίαν,
635 1112 662 1159 et
671 1107 781 1159 tortasse
793 1110 898 1177 propter
908 1106 997 1157 lunum
1009 1104 1101 1175 etism,
1118 1119 1151 1156 ne
1167 1107 1302 1173 tsntopsre
1317 1100 1350 1154 sb
1366 1107 1485 1171 utroque
1501 1097 1598 1151 reoedo·

435 1197 506 1255 rent,
518 1190 585 1243 diem
595 1190 758 1246 diffuderunt.
777 1190 880 1244 Poterat
888 1190 959 1242 enim
967 1189 1009 1242 voi
1018 1189 1073 1259 ipse
1082 1188 1174 1242 sideris
1183 1192 1302 1259 sspeetus
1310 1186 1366 1239 vitii
1374 1186 1436 1239 illos
1444 1184 1598 1245 sdmoum3

437 1276 505 1347 quod
517 1276 608 1329 saltem
620 1276 788 1330 minuendum
800 1292 857 1328 esse
868 1274 1042 1327 decreverunt

503 1360 570 1415 (ium
580 1360 645 1415 hseo
656 1360 815 1432 Epiphanius
827 1360 963 1413 manifeste
975 1360 1083 1424 sentiat,
1094 1364 1197 1412 osotors
1206 1373 1274 1428 quse
1286 1358 1318 1410 sb
1329 1373 1361 1411 oo
1371 1356 1502 1409 dicuntur
1512 1352 1600 1407 eodem

437 1446 569 1517 dirigendo
586 1452 647 1500 sont
663 1453 741 1517 atque
756 1444 805 1499 hoo
821 1444 899 1499 modo
915 1444 1107 1499 constituendo:
1125 1442 1242 1497 Christus
1252 1442 1336 1512 logiis
1347 1439 1448 1513 possim
1459 1438 1601 1494 osisbrsrit

436 1548 496 1585 oum
511 1533 639 1603 plerisque
657 1532 758 1585 Iudaeis
775 1548 828 1585 xus.
839 1530 896 1585 Ksl.
912 1530 985 1600 ripn,
1002 1530 1068 1583 ieris
1084 1548 1135 1594 m..
1153 1529 1216 1582 luno
1230 1527 1335 1581 Iudsios
1349 1526 1445 1580 vitioso
1461 1542 1527 1587 xm,
1543 1539 1599 1577 eun

435 1618 501 1671 ieris
512 1636 536 1673 ν.
549 1618 612 1670 luna
623 1634 676 1670 xm.
688 1616 782 1669 vitiose
793 1616 881 1686 pertici
893 1616 1018 1669 debuerit
1051 1614 1135 1668 Biduo
1146 1614 1226 1684 igitur
1237 1612 1380 1667 antevertit
1408 1612 1447 1665 st
1457 1608 1599 1670 Phorisssi,

436 1702 575 1773 Indnoique
587 1702 631 1755 ulii
642 1704 705 1755 lune
715 1700 819 1754 Iudaica
828 1718 878 1765 ru,
891 1701 979 1753 Murtii
988 1718 1042 1765 xx,
1054 1716 1106 1769 quo
1118 1699 1159 1753 die
1169 1714 1261 1769 possus
1272 1704 1312 1751 est
1320 1696 1448 1761 christus,
1462 1693 1523 1747 καθ’
1532 1692 1600 1761 ὑπέρ·

437 1788 507 1858 βααιν
520 1788 569 1841 diei
581 1788 659 1840 unius
671 1803 686 1839 α
697 1788 760 1839 luno
771 1802 823 1839 xre.
837 1785 870 1839 sd
882 1804 925 1839 xv.
958 1785 998 1839 Ex
1015 1786 1048 1839 iis
1063 1786 1143 1838 falsos
1158 1800 1203 1837 eos
1214 1800 1271 1837 esse
1281 1788 1383 1836 oonstst
1393 1781 1438 1852 qui
1450 1778 1598 1852 Epiphsnio

438 1873 595 1929 Graecorum
613 1872 767 1925 sententium
785 1870 946 1936 adscribunt3
968 1870 1037 1940 quod
1054 1868 1170 1923 Christus
1186 1867 1282 1939 pssohs
1297 1869 1361 1921 tuns
1375 1884 1433 1921 ινα
1452 1863 1599 1924 oeiebrsrit,

436 1966 496 2013 onte
508 1958 630 2021 ludaeos,
643 1956 723 2027 quiid
735 1956 857 2027 postridie
868 1956 1023 2026 peregerint
1045 1954 1104 2009 Non
1115 1956 1185 2007 onim
1196 1971 1254 2008 xm.
1262 1954 1336 2018 lons,
1347 1950 1393 2005 sed
1405 1968 1454 2005 xrr.
1466 1950 1599 2005 Christum

436 2044 462 2097 id
474 2044 560 2113 egisse
572 2048 673 2107 conset,
690 2048 818 2111 quatenus
833 2040 897 2095 ioris
908 2060 948 2095 m.
962 2041 1106 2111 contigisse
1116 2043 1199 2110 putet.
1233 2038 1307 2103 Quod
1318 2038 1342 2090 si
1352 2053 1386 2090 ex
1397 2036 1538 2091 eommuni
1549 2048 1599 2087 ror·

436 2129 589 2198 tissimsqns
602 2128 731 2181 sententis
741 2126 806 2180 forie
817 2144 842 2180 ν.
854 2126 998 2179 celebrasse
1009 2124 1140 2179 Christum
1151 2124 1291 2179 srbitrstus
1301 2128 1381 2187 esset,
1397 2138 1453 2175 nou
1469 2122 1526 2175 siis
1540 2120 1598 2173 iuns

437 2229 515 2284 quern
528 2228 595 2283 quse
607 2228 639 2266 ex
648 2212 742 2266 vitioso
754 2212 827 2283 epoto
836 2228 888 2265 ναν.
901 2210 1077 2264 remissorum
1089 2216 1222 2263 ssssreret.
1239 2207 1312 2262 Unde
1322 2224 1356 2261 ex
1367 2206 1534 2277 oestigstiori
1542 2202 1598 2272 lipi-

436 2297 526 2369 phsnii
534 2298 629 2353 iudicio
639 2296 814 2351 definiendum
826 2302 866 2349 est
874 2295 1005 2349 Christum
1016 2296 1125 2361 ierim
1135 2295 1199 2349 lons
1207 2312 1261 2349 xre.
1273 2310 1334 2347 eum
1341 2292 1476 2346 nonnuliis
1487 2288 1596 2348 Induit·

437 2390 553 2438 oseteros
565 2400 626 2437 roro
637 2400 697 2436 enm
708 2382 852 2435 Pherissois
864 2382 929 2435 ieris
940 2398 974 2434 vr.
986 2378 1082 2451 pssohs
1093 2380 1245 2434 comedisse.
1279 2377 1335 2442 Qus
1345 2394 1379 2430 ox
1390 2375 1534 2447 Epiphanii
1545 2373 1597 2443 opi·

437 2470 515 2523 nione
527 2468 578 2523 duo
590 2469 754 2539 colliguntur,
768 2483 833 2537 quse
846 2483 905 2519 cnm
918 2466 1089 2537 depressionis
1101 2481 1170 2519 enno
1187 2464 1318 2535 quseritur
1330 2463 1456 2516 seerrims
1471 2456 1597 2532 disputsri

438 2556 534 2609 solent:
552 2556 661 2607 ultorum
679 2552 831 2607 ludssorum
848 2552 978 2622 principes
994 2569 1048 2605 nou
1064 2551 1155 2604 eodem
1167 2546 1339 2603 oumGhristo
1351 2547 1392 2602 die
1402 2547 1525 2617 legitimo
1537 2542 1596 2613 agui

438 2642 514 2710 epulo
526 2638 689 2709 perfunctos,
702 2638 810 2691 ultorum
823 2653 881 2691 oum
893 2637 950 2691 sine
961 2637 1162 2690 commutatione
1173 2636 1260 2705 ulique
1270 2640 1416 2704 temporum
1427 2648 1459 2685 so
1468 2632 1596 2687 festorum

436 2724 463 2778 id
475 2724 590 2777 eocidsrs
601 2740 654 2777 non
666 2722 790 2793 potuerit,
802 2722 1000 2775 translationem
1011 2722 1125 2791 sliqusm
1135 2721 1188 2775 illis
1198 2719 1357 2789 temporibus
1369 2718 1496 2772 extitisse
1514 2716 1594 2781 omre

438 2808 470 2861 nd
481 2806 548 2861 hano
559 2807 697 2878 Epiphanii
711 2806 913 2877 disputationem
929 2806 1110 2860 illustrsndsm
1125 2803 1233 2859 totidem
1248 2804 1309 2858 uns
1323 2803 1491 2874 quaestiones
1507 2800 1595 2875 passis

437 2892 486 2947 hoo
498 2894 554 2946 iooo
567 2891 749 2963 disseptsndse
760 2896 828 2945 sunt

338 3095 360 3135 ν·
372 3083 413 3126 Μ
484 3079 604 3136 UTRUM
620 3069 736 3135 IUD'AEI
753 3076 1010 3134 TRANSLATIONE
1027 3076 1209 3132 iustorum
1226 3076 1309 3131 oum
1325 3075 1381 3130 uel
1395 3073 1552 3130 summu.

504 3200 535 3255 ln
545 3201 680 3255 roosntiori
691 3200 845 3255 Iudaeorum
858 3206 979 3271 eomputo
991 3200 1158 3271 scrupulosus
1174 3205 1201 3251 et
1216 3198 1310 3251 anxius
1327 3196 1432 3267 quidum
1443 3202 1484 3249 est
1495 3196 1593 3249 dierum

438 3288 552 3343 delectus
569 3286 601 3341 sd
618 3287 768 3341 neomenias
783 3286 911 3356 figendus.
945 3286 984 3339 De
1000 3303 1051 3355 qno
1068 3286 1151 3339 mults
1165 3284 1193 3337 in
1204 3282 1378 3335 Thnlmudiois
1390 3278 1593 3339 Commentariis

438 3376 560 3429 Trsotstu
572 3372 603 3426 de
614 3362 682 3427 Anni
695 3370 797 3441 Capite,
810 3378 837 3423 et
847 3372 874 3424 in
886 3378 958 3424 tomo
969 3371 1054 3440 primo
1065 3370 1111 3423 iod
1122 3370 1153 3424 id.
1163 3370 1251 3433 Mose,
1262 3368 1346 3421 Trset
1357 3364 1490 3419 Kiddnsoh
1500 3363 1593 3419 hacho

438 3458 529 3524 desoh,
541 3475 589 3511 noo
601 3474 653 3511 non
665 3458 730 3510 etin
747 3462 832 3517 nitu:
849 3462 929 3519 ‘tw
946 3454 1093 3509 R.1ssehsr
1108 3455 1159 3507 ben
1176 3451 1324 3506 Mordoohsi
1338 3452 1446 3519 aliisque
1462 3452 1548 3513 iibris;
1567 3450 1593 3501 iu

438 3543 532 3611 quibus
545 3542 660 3595 infinitus
672 3541 776 3609 regulae
789 3554 819 3591 so
830 3540 963 3591 cardones
974 3539 1148 3609 prseseriptse
1159 3543 1228 3591 sunt.
1259 3537 1375 3590 Duorum
1385 3552 1445 3589 vero
1456 3537 1592 3595 mensium.

437 3625 544 3679 'l'isriso
553 3625 633 3678 Nissn
643 3624 782 3693 imprimis,
791 3624 943 3676 neomeniae
953 3623 986 3675 sb
995 3624 1046 3677 iliis
1056 3624 1233 3687 observentur,
1242 3638 1352 3692 quorum
1359 3621 1592 3675 transferendorum

438 3725 532 3763 caussa
543 3708 639 3779 duplex
650 3706 746 3761 ibidem
759 3705 872 3773 effertur,
884 3708 1010 3761 nuturslis
1022 3713 1068 3762 out
1079 3708 1170 3761 civilis.
1186 3706 1290 3761 Etenim
1300 3724 1360 3761 oum
1370 3722 1449 3776 suprs
1459 3706 1540 3759 forins
1550 3721 1591 3757 sx-

439 3800 570 3847 ourrontes
582 3793 707 3847 minuties
718 3791 751 3844 ed
762 3790 839 3845 horus
851 3790 882 3845 18
892 3793 1058 3863 perveniunt,
1070 3798 1097 3845 et
1106 3793 1205 3846 lunaris
1217 3791 1340 3863 ψηρισρὸς
1351 3790 1484 3869 ιαορίἀίονα
1495 3790 1547 3843 diei
1557 3791 1592 3842 ius

438 3879 569 3949 sequentis
582 3878 688 3949 attingit
699 3878 772 3947 (nem
782 3876 871 3929 ludsei
883 3877 951 3931 diem
963 3877 996 3931 sb
1008 3878 1082 3931 initio
1092 3878 1177 3931 noetis
1189 3878 1362 3947 suspicantur,
1378 3892 1395 3929 s
1408 3892 1460 3945 quo
1474 3874 1506 3929 18
1516 3874 1591 3929 hone

438 3969 602 4034 eomputstes
614 3962 664 4017 diei
676 3962 759 4017 divitis
770 3962 902 4031 sequentis
914 3962 1047 4017 meridiem
1058 3963 1254 4033 msequuntnrt:
1270 3969 1327 4015 tum
1342 3962 1371 4014 in
1386 3961 1493 4015 sitorum
1504 3960 1591 4015 ierim

438 4048 563 4104 naturalis
572 4048 723 4103 neomeniae
731 4046 866 4101 trumlstio
875 4047 932 4101 fieri
940 4046 1039 4102 dicitur.
1057 4047 1109 4101 Sed
1117 4064 1177 4100 oum
1187 4046 1386 4118 opportunitatis
1394 4046 1591 4117 sliouinsgrstis

439 4136 493 4189 dies
505 4132 656 4187 diffunditur
673 4134 746 4187 civile
763 4131 813 4185 hon
829 4137 915 4185 totum
932 4138 984 4198 est,
1003 4139 1029 4185 et
1044 4133 1076 4186 sb
1093 4131 1227 4185 hominum
1238 4133 1372 4186 voluntate
1388 4137 1415 4185 et
1432 4132 1589 4185 institutione

439 4219 572 4293 dependet.
606 4217 645 4271 iix
662 4218 711 4273 hoe
726 4218 798 4271 tonte
813 4217 937 4271 feriarum
954 4216 1022 4287 spud
1033 4216 1142 4271 Iudaeos
1154 4223 1216 4271 sunt
1225 4234 1261 4271 ns
1300 4216 1417 4271 divortia⁴
1450 4216 1518 4271 Num
1528 4218 1590 4269 aiios

439 4307 558 4361 reiieulso
570 4308 642 4369 snut,
656 4303 722 4355 uliae
734 4304 830 4373 probeo
841 4318 871 4356 so
882 4302 1022 4372 legitimos.
1056 4302 1185 4368 Reiieuls,
1201 4318 1268 4372 quse
1307 4302 1481 4365 romesinis
1493 4302 1588 4363 dicitur.

439 4415 480 4462 ost
490 4408 584 4479 triplex
596 4422 662 4477 qnae
673 4405 701 4459 in
712 4406 780 4459 'iisri
791 4408 895 4475 τεχνικῷ
906 4402 956 4458 hoo
967 4404 1093 4458 roesbnlo
1104 4404 1249 4459 continetur
1260 4382 1323 4465 {¹³11}
1334 4405 1405 4459 Aeo.
1425 4402 1516 4473 Imque
1526 4402 1589 4457 'Iisri

439 4512 576 4564 neomenia
587 4523 718 4579 nunquam
731 4508 822 4579 incipit
837 4524 853 4560 s
868 4506 933 4560 teris
946 4522 977 4571 s,
994 4524 1041 4571 ru,
1057 4506 1098 4559 vel
1109 4523 1145 4561 vr.
1178 4506 1209 4559 ln
1219 4506 1302 4561 Nissn
1311 4522 1373 4560 tero
1384 4484 1497 4566 estffi
1510 4504 1589 4567 mss,

396 4626 398 4631 ,
439 4594 621 4665 significetque
632 4593 794 4647 neomeniam
807 4591 888 4645 Nissn
900 4606 1034 4661 nunquam
1050 4592 1078 4645 in
1094 4590 1186 4645 teriam
1202 4591 1292 4645 esdsre
1302 4610 1345 4656 m,
1360 4610 1408 4657 ru,
1423 4591 1466 4644 rel
1476 4606 1511 4643 rr.
1543 4588 1589 4641 Be

438 4678 525 4747 liquse
537 4684 647 4749 quatuor
657 4678 736 4731 forise
749 4680 869 4769 i't'tffip
879 4676 1021 4730 sts'ddotd
1032 4675 1159 4741 dicuntur,
1176 4676 1245 4746 quod
1260 4677 1288 4730 in
1298 4677 1331 4730 iis
1342 4674 1457 4746 figuntur
1466 4676 1589 4728 retinem-

438 4768 531 4833 turquo
543 4764 700 4817 neomeniis.
734 4760 954 4832 Negligendsrnm
968 4778 1045 4833 porro
1061 4760 1184 4815 iorisrum
1200 4762 1287 4816 enutio
1301 4759 1362 4815 indo
1376 4758 1532 4831 profluxisse
1544 4776 1588 4831 pn-

439 4852 516 4915 istor,
533 4848 601 4917 qnod
619 4849 670 4903 dno
685 4848 805 4911 ssbbsts,
827 4848 881 4899 sire
897 4847 977 4911 iests,
995 4848 1024 4901 in
1041 4846 1107 4901 'lisri
1124 4848 1261 4918 praecipuo
1274 4846 1398 4900 eontinus
1413 4860 1472 4899 oses
1486 4844 1588 4914 nollent,
