3650 5642
456 598 540 653 cxw

524 750 566 807 Ex
577 752 610 805 iis
622 756 756 822 praeterea
768 750 861 804 couiici
870 757 959 823 potest
970 751 1031 822 qnid
1047 751 1082 804 sit
1099 751 1168 822 qnod
1179 749 1338 822 Epiphanius
1348 752 1375 805 iu
1387 750 1484 805 obseura
1493 748 1593 803 uuus-

455 838 524 891 rodis
541 852 670 890 annorum
687 835 859 890 declaratione
876 843 938 907 post
953 855 980 890 rs
995 838 1070 906 regui
1088 838 1144 890 eiu's
1161 852 1243 890 annos
1259 836 1381 889 Iudaeam
1396 836 1422 889 in
1431 835 1594 889 Romanorum

455 922 580 975 ditionem
591 920 694 991 penitus
712 922 821 975 eesdsse
833 920 917 988 diem,
933 927 1087 991 secutusque
1098 940 1163 975 xxix
1176 937 1273 986 annos,
1286 922 1349 975 adeo
1359 926 1390 973 nt
1399 936 1481 974 mm
1495 919 1595 972 demum

454 1006 562 1060 Herodis
575 1022 644 1059 auno
656 1004 772 1060 Christus
784 1014 861 1060 uatus
873 1008 916 1059 sit.
938 1006 1038 1060 Caussa
1049 1007 1120 1060 euim
1135 1005 1200 1060 baec
1215 1012 1268 1070 est,
1286 1007 1354 1076 quod
1369 1024 1425 1060 cum
1433 1006 1542 1059 Eusebio
1551 1004 1597 1056 lie

454 1092 523 1145 rodis
535 1092 638 1145 initium
650 1087 756 1145 coniicit
766 1092 793 1145 in
805 1108 903 1145 annum
915 1092 1045 1145 lulianum
1057 1108 1116 1158 xrs,
1128 1092 1169 1146 rel
1181 1108 1249 1156 nuru,
1261 1106 1278 1144 e
1289 1092 1383 1162 quoad
1394 1109 1453 1155 xri,
1464 1091 1511 1160 qui
1517 1090 1599 1141 Actia·

454 1194 512 1231 cam
523 1176 659 1230 uictoriam
671 1176 787 1247 excepit,
799 1178 861 1230 anni
872 1182 934 1231 sunt
945 1183 1064 1247 quatuor.

522 1260 697 1316 Concludatur
713 1278 747 1315 ex
761 1261 865 1333 losephi
880 1268 906 1315 et
916 1262 1007 1315 Dionis
1023 1263 1152 1316 sententis
1166 1267 1299 1315 munuum
1309 1262 1431 1315 Herodem
1440 1260 1521 1313 rideri
1535 1276 1600 1312 auno

453 1346 553 1400 Iuliano
566 1366 631 1401 xurr.
654 1346 763 1411 Quodsi
775 1364 865 1400 rerum
876 1352 928 1412 est,
939 1347 1036 1400 natalis
1048 1346 1182 1401 christiin
1194 1362 1292 1400 sunum
1303 1366 1357 1402 rar.
1369 1364 1425 1401 curu
1433 1344 1555 1409 llekerio,
1565 1344 1602 1397 rel

453 1450 496 1487 xo.
510 1450 570 1486 cum
581 1432 703 1505 Keplere‚
716 1432 887 1485 conterendus
899 1433 961 1497 erit,
972 1450 1026 1486 non
1037 1438 1067 1485 ut
1075 1432 1168 1503 uulgo,
1179 1433 1207 1485 in
1215 1449 1277 1485 nur.
1294 1432 1333 1486 De
1345 1450 1395 1503 qno
1405 1431 1525 1485 attentius
1536 1431 1603 1499 cogi·

453 1518 562 1573 tandum
579 1534 684 1583 censeo,
701 1534 749 1571 nee
763 1518 834 1571 illius
850 1517 980 1589 opinionis
995 1517 1110 1571 fautores
1126 1517 1286 1571 accusandos
1303 1518 1510 1586 damnandosque
1531 1525 1605 1567 autes

454 1620 532 1673 quam
544 1620 633 1659 eornm
645 1602 795 1685 disreptptis
807 1618 837 1655 eo
849 1602 1013 1656 labefactatis
1030 1602 1176 1657 rationibus
1191 1604 1338 1656 communis
1348 1603 1461 1672 Dionysii
1472 1616 1540 1653 aera
1554 1618 1604 1653 cer·

453 1690 505 1743 tius
517 1689 678 1753 adstruatur;
691 1686 760 1759 quod
772 1704 788 1740 a
799 1687 902 1741 nemine
914 1686 948 1741 ud
957 1686 1026 1741 banc
1038 1704 1122 1758 usqne
1131 1688 1199 1742 diem
1207 1688 1282 1742 rideo
1294 1704 1353 1743 esse
1363 1688 1467 1752 iactum,
1477 1703 1528 1740 nec
1539 1702 1605 1739 ame

453 1774 578 1845 praestari
590 1790 667 1845 posse
678 1774 792 1843 ingenue
804 1786 834 1827 uo
845 1772 955 1827 libenter
965 1773 1096 1844 profiteor.

728 1926 945 1981 EXPLIOATUR
960 1926 1130 1981 EPIPHANII
1145 1926 1343 1981 SENTENTIA.

520 2030 594 2084 Nunc
603 2028 741 2101 llpiphauii
751 2030 887 2095 sententis,
897 2030 971 2083 ouius
979 2030 1163 2099 intelligendae
1172 2030 1258 2100 gratia
1265 2029 1329 2083 haec
1338 2028 1605 2083 anobisestinstituts

453 2114 606 2187 disputatio,
624 2115 778 2186 exponenda
789 2114 897 2169 ridetur.
931 2115 1003 2167 Hauc
1015 2116 1085 2168 enim
1096 2116 1253 2185 perobscura
1264 2116 1309 2168 ille
1324 2132 1388 2168 sane
1400 2120 1480 2185 atque
1488 2114 1606 2184 impedite

453 2200 574 2254 declarat.
597 2200 697 2271 Quippe
708 2216 779 2253 num.
789 2218 854 2253 xrrr.
866 2198 980 2252 haeresis
997 2198 1074 2254 buius
1086 2197 1218 2254 Christum
1234 2201 1327 2253 asserit
1341 2216 1410 2253 anuo
1425 2201 1536 2270 Augusti
1546 2216 1606 2251 xro.

452 2292 544 2340 nutum
557 2302 627 2351 esse,
639 2285 746 2339 Herodis
760 2302 853 2341 xxxin.
879 2285 962 2354 Igitur
977 2302 1072 2339 norem
1089 2288 1166 2339 annis
1178 2287 1312 2355 Augustus
1325 2286 1452 2339 Herodem
1462 2284 1605 2338 antecessit.

453 2372 505 2425 Sed
522 2372 616 2425 mirum
633 2386 713 2441 quam
727 2368 792 2423 haee
810 2370 933 2441 perplexe
949 2370 1115 2426 demonstret.
1135 2370 1280 2441 imperasse
1291 2376 1366 2441 putat
1376 2371 1523 2439 Augustum
1535 2370 1605 2421 suus

452 2476 501 2511 xnr
518 2464 659 2527 autequam
675 2454 770 2509 luduea
781 2456 884 2526 penitus
897 2456 930 2507 ad
940 2454 1074 2509 Romnum
1089 2456 1248 2521 truusiisset,
1264 2470 1295 2508 sc
1310 2460 1372 2526 post
1387 2456 1490 2509 initium
1500 2454 1607 2525 Augusti

454 2548 563 2612 quatuor
579 2542 638 2613 plus
653 2541 741 2593 minus
758 2540 833 2593 anuis
852 2540 947 2611 elapsis
958 2541 1026 2594 inter
1035 2540 1145 2594 ludaeos
1158 2557 1189 2593 ao
1199 2540 1332 2595 Romanos
1344 2542 1483 2595 umldtism
1494 2548 1520 2594 et
1531 2540 1606 2593 socie

451 2634 532 2681 intem
543 2626 735 2691 intercessisse,
751 2630 806 2678 tum
817 2640 879 2679 uero
890 2633 1085 2696 procuratorem
1096 2627 1260 2696 impositum,
1277 2643 1308 2680 ac
1323 2627 1479 2680 tributorum
1493 2622 1607 2679 uouuibil

451 2712 590 2775 indictum,
607 2711 689 2763 donee
704 2712 732 2763 in
745 2710 891 2763 Romanam
906 2711 1032 2764 ditionem
1042 2711 1138 2764 Iudaea
1152 2710 1256 2781 penitus
1272 2711 1417 2765 redactaae
1426 2712 1562 2781 vectigalis
1572 2721 1607 2760 est

450 2796 533 2862 iacta,
549 2812 609 2849 cnm
626 2796 679 2848 iam
693 2796 822 2865 principes
833 2796 872 2848 illi
883 2795 915 2849 de
926 2796 996 2849 tribu
1007 2796 1072 2849 luda
1082 2796 1231 2861 desiissent,
1247 2801 1325 2867 atque
1336 2796 1450 2851 Herodes
1461 2796 1608 2867 peregrinus

452 2886 478 2933 et
489 2882 636 2949 alienigena
646 2895 757 2949 regnum
769 2885 930 2950 occupasset.
954 2880 1026 2944 Quae
1042 2882 1131 2934 omnia
1141 2882 1229 2951 (paulo
1241 2887 1302 2952 post
1312 2883 1408 2952 lnquit)
1419 2882 1534 2951 perfecta
1545 2888 1608 2938 sunt

452 2982 511 3018 cnm
524 2966 557 3018 ab
570 2970 627 3017 ortu
640 2962 735 3017 Christi
746 2964 905 3034 coepissent,
917 2980 986 3018 anno
998 2966 1112 3035 Augusti
1119 2983 1197 3029 nuru,
1210 2968 1255 3036 qui
1266 2972 1293 3019 et
1302 2982 1388 3020 nouus
1399 2972 1456 3019 eret
1466 2984 1483 3019 a
1493 2981 1608 3038 procura·

451 3052 521 3104 tione
533 3050 675 3120 Antipatri,
692 3066 752 3103 cum
769 3049 878 3103 ludaeos
895 3050 965 3103 inter
981 3055 1008 3103 et
1022 3050 1154 3104 Romnum
1170 3068 1225 3121 pax
1242 3056 1268 3104 et
1285 3052 1396 3105 societas
1417 3051 1487 3105 esset
1507 3068 1538 3105 ae
1560 3052 1608 3103 ism

452 3142 572 3206 quartum
589 3152 686 3189 anuum
704 3140 826 3206 regnaret
838 3135 962 3191 Herodes.
995 3135 1130 3189 Postremo
1147 3142 1207 3206 post
1223 3143 1335 3206 quatuor
1352 3136 1462 3190 Herodis
1481 3152 1566 3190 annos
1586 3142 1608 3187 et

452 3222 565 3291 quinque
581 3222 771 3291 procurationis
786 3221 918 3293 Antipatri
937 3221 1043 3275 demum
1058 3220 1154 3274 Iudaea
1168 3222 1272 3291 penitus
1292 3222 1416 3277 &mauis
1431 3228 1473 3275 est
1487 3223 1608 3283 subiecta,

451 3324 534 3378 nsque
550 3306 583 3360 ad
595 3324 688 3363 xxxin.
701 3306 809 3361 Herodis
826 3322 938 3372 anuum,
955 3308 1001 3378 qni
1017 3312 1058 3360 est
1070 3306 1183 3377 Augusti
1193 3324 1272 3373 nuru,
1289 3322 1349 3361 oum
1364 3324 1432 3362 nm
1448 3309 1525 3361 aunis
1536 3307 1608 3361 recti·

450 3394 518 3463 galis
530 3392 635 3446 omniuo
647 3392 748 3445 lunser.

517 3478 572 3531 llao
583 3475 722 3549 Epiphanii
733 3477 848 3529 oratione
860 3477 962 3529 nullum
970 3475 1095 3546 Sphingis
1107 3477 1230 3547 uenigma
1241 3478 1389 3548 perplexius
1400 3491 1458 3531 esse
1469 3483 1544 3548 puto.
1562 3476 1608 3530 Sed

449 3559 499 3614 hoo
510 3566 598 3613 tamen
608 3562 722 3614 voluisse
733 3560 847 3613 videtur:
860 3562 1009 3630 Augustum
1020 3562 1105 3631 primo
1117 3580 1167 3615 xrrr
1177 3563 1253 3615 anuis
1264 3563 1417 3633 imperasse,
1437 3565 1533 3633 quibus
1548 3580 1608 3618 noo·

451 3645 513 3697 dum
522 3644 618 3698 ludusa
626 3660 732 3715 prorsus
740 3644 918 3698 Romanorum
927 3646 1036 3714 imperio
1048 3652 1173 3711 cesserat,
1185 3663 1216 3700 ac
1227 3654 1287 3718 post
1298 3652 1409 3718 quatuor
1417 3649 1519 3719 priores
1530 3664 1608 3703 runos

350 3762 371 3801 p.
381 3749 424 3791 ηιμ,
450 3730 562 3799 Augusti
578 3730 745 3800 Antipatrum
762 3729 941 3798 quinquennio
955 3737 1151 3799 procuratorem
1167 3732 1262 3797 tuisse,
1277 3732 1407 3786 Herodem
1421 3732 1527 3798 deinde,
1543 3740 1608 3805 post·

451 3830 531 3884 qnam
542 3815 574 3867 ab
585 3815 704 3884 Augusto
716 3828 827 3883 regnum
840 3814 963 3878 obtinuit,
976 3822 1088 3885 quatuor
1099 3832 1182 3870 annos
1191 3818 1314 3871 tenuisse.
1331 3818 1372 3871 lta
1378 3818 1447 3871 fiunt
1456 3819 1491 3871 ab
1500 3819 1608 3890 Augusti

449 3900 524 3953 initio
536 3900 598 3952 anni
607 3918 664 3953 xrrr.
686 3898 789 3969 Reliqui
801 3904 862 3951 suut
871 3916 948 3964 xxxx,
965 3901 1060 3969 quibus
1071 3902 1184 3956 Romani
1194 3902 1317 3955 Iudaeum
1328 3903 1433 3973 penitus
1443 3910 1607 3974 occuparunt,

449 4000 533 4055 nsque
545 3982 578 4036 ad
589 3984 700 4054 Augusti
712 4000 784 4048 nuru,
796 3984 904 4037 Herodis
915 4002 1019 4049 mm,
1031 4002 1084 4055 qno
1095 3992 1172 4040 natus
1184 3993 1224 4039 est
1234 3987 1364 4043 domiuus.
1380 3986 1447 4041 Nam
1459 3988 1494 4040 ed
1504 4006 1558 4043 nrrr
1568 3988 1606 4042 ad·

450 4070 497 4123 diti
508 4086 572 4122 xxix
588 4069 730 4123 conficiunt
741 4086 808 4134 run,
825 4068 968 4138 itidemque
985 4070 1009 4121 si
1024 4071 1058 4123 ad
1075 4076 1186 4140 quatuor
1197 4072 1277 4125 oddae
1288 4090 1354 4127 mx
1364 4073 1536 4127 tieutxmn.
1560 4074 1606 4127 iles

441 4162 537 4209 'annm
549 4170 612 4207 xxm
625 4170 708 4207 annos
721 4155 754 4208 ab
766 4170 797 4207 eo
810 4153 915 4207 deducit
924 4155 971 4223 qui
981 4154 1114 4209 Actiacum
1122 4156 1257 4210 victoriam
1268 4164 1374 4211 secutus
1384 4164 1438 4222 est,
1449 4158 1553 4213 luliarw
1564 4160 1606 4212 sci·

449 4244 511 4295 licet
526 4258 592 4305 nvn,
610 4254 689 4308 aquo
707 4240 845 4293 vicesimus
862 4255 948 4292 nonus
966 4245 1008 4291 ost
1022 4238 1140 4294 lulianus
1152 4258 1234 4305 nuru,
1253 4259 1304 4311 quo
1321 4249 1398 4295 ustus
1414 4243 1448 4296 ab
1464 4242 1606 4314 lipipbauio

450 4326 568 4379 Christus
583 4324 695 4394 ponitur,
712 4324 830 4393 Augusto
843 4340 899 4379 xru.
912 4330 939 4375 et
949 4323 1039 4377 Silano
1051 4341 1119 4379 coss.
1152 4325 1191 4379 lta
1208 4327 1312 4395 quidem
1322 4326 1481 4398 Epiphanius
1496 4330 1606 4383 miscens

451 4413 551 4476 omnia,
562 4426 609 4464 neo
622 4408 746 4463 historiae
757 4409 975 4495 satispcuusultus.
992 4408 1041 4462 Est
1051 4411 1122 4463 enim
1132 4410 1228 4464 fulsum
1239 4410 1368 4483 imprimis
1377 4414 1541 4484 Antipatrum
1553 4432 1606 4486 pro·

336 4522 338 4529 =
450 4502 595 4549 curatorem
606 4496 640 4549 ab
652 4495 770 4563 Angusto
782 4510 839 4549 esse
850 4494 963 4558 iactum,
978 4484 1095 4565 adeoque
1111 4500 1172 4565 post
1187 4504 1298 4565 quatuor
1312 4496 1414 4569 imperii
1424 4499 1506 4569 ipsius
1518 4514 1604 4561 annes,

450 4586 480 4632 nt
491 4597 524 4632 ex
536 4580 568 4633 iis
581 4586 653 4650 patet
664 4594 730 4649 quae
742 4594 821 4649 supra
832 4596 846 4633 e
858 4578 968 4650 loseplro
979 4580 1188 4649 perstrinximus.
1224 4581 1292 4637 lium
1300 4582 1437 4654 Antipater
1444 4584 1555 4637 Herodis
1567 4601 1605 4657 pr·

449 4680 509 4717 reus
521 4665 643 4719 iudaeam
660 4663 839 4717 administrare
855 4665 941 4736 coepit
956 4678 1026 4718 auno
1040 4664 1100 4730 illo,
1117 4680 1169 4735 quo
1183 4664 1264 4720 lulius
1275 4668 1372 4721 Caesar
1386 4668 1484 4721 bellum
1494 4670 1603 4723 Alexan·

448 4748 553 4803 drinnm
570 4752 665 4819 gessit,
683 4748 728 4818 qni
745 4754 785 4801 est
800 4748 878 4801 Urbis
889 4749 953 4814 7073
969 4764 1021 4819 quo
1038 4749 1130 4804 eodem
1146 4766 1216 4804 suno
1227 4752 1342 4806 Herodes
1354 4752 1486 4806 Galilseae
1503 4769 1521 4806 a
1536 4762 1603 4825 petre

450 4836 610 4905 praepositus
622 4840 670 4889 est.
693 4835 811 4889 Mortuus
828 4838 868 4887 est
884 4840 971 4890 eutem
987 4835 1123 4907 Antipater
1137 4852 1207 4891 auno
1218 4834 1295 4891 Urbis
1305 4838 1376 4903 712„
1390 4836 1491 4892 iuliane
1507 4850 1604 4909 quarto.
