3650 5642
463 606 511 665 (51

462 764 587 817 decretos.
609 763 657 817 liic
668 767 709 815 est
717 760 793 817 Urbis
805 776 889 817 anuos
900 776 1016 829 neoris,
1031 776 1082 832 quo
1093 759 1299 816 Atermdrirum
1314 759 1413 815 bellum
1428 762 1551 831 petram
1558 762 1596 819 ὀὶ,

462 856 535 903 uter
547 847 655 919 losepho
667 848 805 917 colligitur.

529 932 626 987 Eodem
637 950 718 997 anno,
730 938 760 985 ut
770 932 895 1004 Iosephus
907 950 964 1004 cap.
975 949 1038 987 ινιι.
1050 932 1152 998 scribit,
1163 932 1299 1003 Antipater
1305 931 1463 985 Phasablum
1472 928 1598 995 Eieroroir·

462 1020 511 1072 mis
527 1018 655 1089 praeficit,
666 1018 761 1072 Herodi
774 1018 918 1073 Galilaeam
929 1017 1079 1083 committit,
1090 1017 1138 1087 νέῳ
1150 1016 1302 1070 παντάπασιν
1314 1013 1371 1069 ὄντι·
1385 1014 1412 1069 ιε’
1425 1016 1474 1089 γὰρ
1485 1015 1550 1084 oren
1558 1011 1600 1081 ὴν

462 1106 528 1174 γόνυ
540 1106 604 1174 μόνα
616 1100 665 1170 ἔτη.
685 1104 854 1159 Manifestum
865 1105 892 1158 in
904 1120 1012 1157 numero
1024 1102 1147 1157 mendum
1159 1108 1211 1170 est,
1223 1104 1293 1174 qnod
1303 1103 1409 1157 eruditis
1420 1103 1485 1155 siris
1494 1098 1601 1158 snbclnit,

463 1196 489 1241 et
500 1186 535 1241 κε’
547 1206 594 1260 pro
611 1186 637 1241 ιε’
654 1189 825 1244 scribendum.
860 1190 936 1243 Certe
950 1206 1010 1242 cnm
1025 1195 1086 1242 ante
1102 1205 1201 1243 annum
1217 1188 1294 1243 Urbis
1305 1206 1396 1245 ncrcr.
1410 1192 1503 1242 natm
1517 1189 1602 1239 cernet

461 1274 603 1339 Herodem,
619 1291 687 1329 auno
705 1276 750 1329 illo
763 1292 864 1330 ncovrr.
883 1276 1013 1327 decimum
1030 1281 1150 1328 octavum
1166 1275 1260 1329 saltem
1277 1276 1407 1345 attigerat
1429 1275 1534 1327 Atrero
1548 1283 1602 1338 quse

462 1366 516 1413 toto
528 1361 572 1413 illo
584 1378 647 1415 ινιι.
665 1362 747 1432 capite
763 1362 796 1414 ab
812 1360 912 1414 Herode
929 1365 1006 1429 gesta
1020 1366 1205 1425 memorantur,
1221 1376 1275 1414 non
1290 1376 1400 1431 puerum
1415 1356 1552 1419 floretum
1566 1352 1603 1405 scd

461 1446 580 1499 iuvenem
597 1444 729 1502 exhibent.
764 1446 854 1517 Neque
871 1446 979 1498 dubium
996 1452 1048 1510 est,
1066 1446 1129 1515 quin
1144 1462 1198 1498 ror
1215 1444 1269 1497 νέου
1285 1446 1387 1499 virilem
1402 1446 1484 1497 etiam
1498 1445 1603 1500 atatem

461 1532 544 1585 mutto
555 1532 641 1601 megia
653 1532 813 1586 inventutem
824 1530 964 1600 significet.
987 1530 1045 1594 Qua
1054 1530 1154 1583 ratione
1165 1530 1261 1583 Saulus
1272 1531 1328 1584 Act
1337 1548 1384 1585 ιιι.
1394 1530 1490 1590 ντανίας
1499 1533 1604 1583 νοτιτιις

461 1634 514 1671 non
527 1617 596 1687 quod
607 1618 762 1671 vocabulum
774 1616 843 1669 istud
855 1616 968 1669 ierocern
985 1632 1016 1669 eo
1032 1617 1090 1669 loco
1106 1623 1135 1669 et
1150 1616 1275 1670 audacem
1291 1617 1410 1670 declaret.
1445 1615 1533 1684 Erigo
1546 1611 1604 1663 erin

461 1701 525 1755 haec
537 1703 723 1773 interpretatio.
748 1701 849 1772 Quippe
860 1702 922 1755 licet
932 1702 1024 1762 νεανίας
1035 1702 1165 1755 interdum
1176 1718 1208 1756 ea
1221 1704 1327 1757 notione
1341 1706 1471 1767 sumatur,
1485 1710 1604 1767 nunquan

462 1792 549 1841 tamen
562 1789 617 1841 sine
630 1788 792 1841 substantivo
804 1788 905 1857 aliquo,
922 1795 986 1858 pota
998 1783 1084 1857 ἄνδρας
1094 1788 1136 1841 rel
1148 1786 1226 1858 λόγου
1247 1794 1296 1841 etc.
1327 1787 1404 1858 Apud
1412 1786 1514 1840 Lucam
1524 1788 1604 1842 anun,

461 1874 507 1927 ubi
523 1874 642 1927 absolute
657 1873 762 1943 ponitur
778 1871 891 1943 idipsum
909 1872 1035 1943 estquod
1050 1873 1176 1943 interpres
1193 1878 1281 1926 noster
1301 1872 1445 1943 expressit,
1465 1872 1604 1925 edelwal-

462 1959 537 2029 Apud
549 1958 719 2011 Censorinum
729 1958 808 2011 Varro
821 1958 1006 2028 quadrifariam
1017 1956 1129 2011 hominis
1141 1964 1252 2012 aemtem
1263 1959 1381 2029 partitur,
1395 1963 1423 2010 et
1436 1954 1570 2029 pueritiam
1578 1948 1604 2002 td

462 2060 559 2097 annum
572 2060 628 2107 ιν.,
639 2042 699 2096 inde
711 2043 744 2095 ad
755 2060 816 2097 ιιι.
829 2043 1030 2097 adolescentiam
1041 2043 1137 2097 definit

528 2129 590 2181 Post
606 2126 671 2181 haec
688 2144 705 2180 a
721 2128 802 2182 Sexto
820 2128 931 2182 Caesare
946 2128 1109 2199 coelesyriae
1125 2129 1274 2200 praeficitur
1288 2129 1414 2195 Herodes,
1430 2128 1524 2182 eodem
1539 2138 1604 2177 anoc-

462 2214 543 2267 Gredo
556 2213 703 2284 quindecim
718 2230 846 2268 annornm
860 2231 970 2285 puerum
980 2214 1115 2269 Romanus
1125 2216 1269 2285 Imperator
1279 2215 1417 2287 στρατηγὸν
1426 2214 1537 2269 όιοαιοόι
1551 2217 1605 2265 estu.

463 2299 489 2352 id
501 2300 624 2370 inpriore
636 2301 757 2371 exemplo
768 2304 876 2370 paterno
887 2300 972 2370 poerit
982 2301 1066 2353 amori
1075 2300 1304 2371 indulgentiaeque
1314 2300 1403 2353 tribui.
1424 2300 1530 2361 lterum,
1540 2299 1565 2347 nt
1574 2308 1605 2345 re·

460 2386 512 2439 lert
522 2402 577 2457 cap.
588 2404 657 2451 ιιι.,
670 2402 686 2437 a
697 2385 778 2439 Bruto
791 2391 817 2439 et
827 2384 918 2439 Caesio
930 2384 1046 2438 eiusdem
1058 2384 1222 2455 Ooelesyriae
1233 2384 1370 2456 στρατηγὶς
1382 2392 1486 2439 creatus
1497 2389 1546 2447 est,
1556 2394 1604 2432 ew

461 2471 603 2537 mendatis,
615 2474 645 2524 nt
655 2472 798 2525 exercitum
810 2470 933 2524 adversus
943 2472 1092 2541 Augustum
1103 2478 1130 2524 et
1140 2471 1282 2524 Antonium
1293 2472 1480 2535 conscriberet,
1493 2470 1559 2523 ueta
1568 2480 1604 2533 po

461 2557 545 2611 tioudi
561 2557 637 2626 regni
652 2572 698 2627 spe
709 2561 769 2627 post
780 2556 946 2626 impetretur
956 2556 1100 2611 rictorim.
1124 2555 1182 2620 Quo
1193 2562 1310 2627 tempore
1320 2555 1439 2611 Malchns
1450 2554 1533 2609 Arabs
1545 2549 1604 2604 doti·

460 2648 563 2712 patrum
575 2656 674 2695 veneno
690 2642 804 2705 necarit,
822 2640 933 2712 ideoque
950 2641 1056 2695 iubente
1073 2641 1162 2695 Cassio
1180 2641 1298 2695 hialchus
1314 2642 1349 2695 ab
1366 2641 1469 2696 Herode
1485 2646 1526 2695 est
1540 2640 1604 2690 inter·

460 2726 551 2781 tectus.
575 2726 728 2796 (longruunt
739 2725 802 2779 haec
817 2742 885 2780 anno
898 2724 975 2780 Urbis
987 2742 1103 2791 nocue,
1119 2727 1219 2781 iuliano
1236 2733 1337 2797 quarto.
1359 2726 1510 2781 romeon
1523 2721 1604 2787 Philip

460 2827 567 2882 pensem
578 2826 694 2883 pugnam
706 2812 834 2865 Antonius
845 2812 872 2865 in
884 2812 988 2881 Syriam
999 2812 1129 2881 proiectus
1140 2810 1295 2866 Pbrsailum
1306 2818 1333 2865 et
1340 2813 1468 2866 Herodem
1478 2804 1604 2866 aenda

460 2896 607 2962 constituit,
624 2896 664 2947 rol
680 2898 729 2947 τῶν
741 2894 867 2947 Ἰουδαίων
884 2896 968 2956 αὐτοῖς
984 2894 1102 2966 ἐπιτρέπει
1114 2894 1255 2969 πράγματα.
1278 2896 1404 2969 Iosephus
1414 2900 1497 2953 irre.
1509 2908 1603 2949 αιιινι.

460 2981 559 3035 Accidit
569 2980 618 3035 heo
630 2998 699 3035 auno
711 2980 788 3035 Urbis
800 2996 927 3047 neurim,
939 2982 1040 3035 loliano
1052 3002 1077 3036 ν.

526 3066 590 3121 Post
600 3084 661 3121 cum
671 3066 757 3120 Parthi
769 3067 929 3137 Antigonum
940 3067 1082 3121 Aristobuli
1093 3067 1122 3121 F.
1133 3068 1161 3121 in
1172 3084 1284 3139 regnum
1299 3068 1487 3135 restituissent,
1504 3061 1604 3121 nerem

459 3154 492 3209 ab
503 3154 535 3207 iis
547 3153 638 3225 pulsus
649 3154 760 3207 Romam
772 3153 805 3206 ad
814 3154 956 3207 Antonium
967 3159 994 3206 et
1001 3152 1139 3207 camaram
1150 3154 1280 3224 confugit,
1291 3170 1309 3207 a
1319 3155 1414 3223 quibus
1425 3149 1604 3225 perhenniter

460 3246 584 3311 exceptus
601 3246 628 3295 et
644 3240 746 3293 senatui
764 3240 916 3293 conciliatos
930 3254 1041 3309 regnum
1052 3239 1165 3293 obtinuit
1174 3256 1210 3293 er
1221 3238 1248 3291 S.
1258 3240 1301 3304 0.,
1320 3239 1473 3310 Olympiade
1484 3249 1604 3293 caurus

460 3326 573 3380 Domitio
586 3326 692 3380 Calvino
704 3344 732 3379 rr.
745 3331 771 3379 et
782 3326 872 3379 Asinio
883 3326 1000 3379 Pollione
1011 3340 1092 3390 coss,
1104 3340 1173 3377 anno
1184 3324 1261 3377 Urbis
1270 3340 1387 3390 nccrrv,
1398 3325 1500 3379 loliano
1508 3340 1550 3385 rr,
1560 3332 1603 3387 qno

460 3412 536 3464 desiit
547 3412 708 3482 Olympiadis
721 3428 844 3465 cnrxrrv.
857 3426 942 3463 annus
952 3428 988 3465 rr.
999 3415 1026 3462 et
1037 3410 1172 3480 Olympias
1184 3426 1297 3463 σιιιιν.
1309 3412 1401 3481 coepit
1424 3410 1509 3465 Roma
1524 3410 1550 3461 in
1564 3404 1604 3456 Pt-

458 3496 597 3549 lustinum
608 3512 725 3550 reverens
737 3495 850 3549 Herodes
862 3510 922 3548 cnm
934 3495 1065 3565 Antigono
1078 3494 1173 3548 bellum
1185 3496 1280 3564 gessit,
1297 3496 1379 3549 donec
1390 3496 1527 3551 ademta
1537 3488 1603 3545 Sosio

458 3586 534 3649 capta
545 3582 606 3633 urbs
618 3588 670 3645 est,
687 3589 713 3633 et
724 3580 869 3649 Antigonus
881 3580 994 3644 occisos,
1010 3594 1079 3632 anno
1096 3574 1243 3645 sabbatico,
1257 3582 1375 3652 Agrippa
1384 3587 1410 3634 et
1421 3581 1528 3635 canidio
1539 3574 1603 3631 nmo

458 3681 525 3719 coss.
538 3664 682 3735 Olymptsd.
696 3680 823 3729 curru,
838 3680 929 3717 mense
939 3665 1027 3729 tertio,
1044 3662 1157 3736 τῇόυρτῇ
1169 3669 1210 3733 τῆς
1222 3666 1338 3731 νηστείας.
1365 3667 1414 3720 ffie
1424 3674 1465 3721 ert
1473 3680 1555 3720 anons
1566 3658 1604 3712 Ur·

460 3750 500 3802 bis
513 3765 645 3813 ουσιαι,
661 3749 775 3801 lolianus
788 3766 837 3813 ιι.,
851 3748 954 3819 Olymp.
967 3764 1080 3803 οιιιιν.
1093 3766 1177 3803 annua
1189 3768 1227 3805 ιιι
1239 3751 1360 3805 desinens
1371 3758 1399 3805 et
1408 3753 1495 3805 iniens
1506 3770 1552 3813 ιν,
1566 3760 1602 3815 pt·

459 3834 525 3887 riodi
536 3829 651 3887 Iulianae
662 3832 746 3903 4677,
760 3850 810 3903 quo
822 3836 943 3887 currebat
953 3835 1113 3901 sabbaticus,
1125 3836 1198 3905 cyclo
1210 3836 1288 3890 tunae
1298 3836 1324 3891 3.
1334 3837 1385 3890 Dio
1396 3852 1458 3891 rero
1467 3838 1533 3891 libro
1542 3846 1602 3887 ιιιι.

458 3920 638 3989 Hierosolyma
649 3925 725 3989 capta
736 3934 792 3972 eree
810 3920 898 3975 scribit
910 3936 979 3973 anno
990 3920 1170 3985 antecedente,
1187 3922 1295 3976 Glandio
1306 3929 1334 3975 et
1343 3922 1467 3979 Norbano
1477 3938 1555 3983 eoas,
1569 3916 1602 3968 lt·

457 4006 527 4058 liano
540 4023 596 4061 rm.
621 4004 672 4058 Sed
684 4005 810 4059 sabbatici
821 4006 884 4057 anni
895 4002 1028 4059 character
1039 4006 1148 4077 losepho
1159 4006 1325 4078 suffragator.

525 4089 651 4161 Deinceps
669 4091 767 4161 aliquot
783 4090 890 4143 Herodis
907 4091 970 4143 anni
986 4093 1142 4145 nominatim
1158 4108 1176 4144 a
1191 4092 1301 4164 losepho
1318 4094 1507 4164 concipiuntur,
1528 4084 1601 4145 Veluti

458 4176 502 4230 lib.
514 4194 572 4240 rr.‚
585 4190 640 4246 cap.
650 4192 695 4229 νιι.
707 4192 791 4231 annus
803 4176 902 4229 Actiaci
913 4177 1018 4245 praelii,
1030 4178 1075 4247 qui
1086 4184 1128 4231 est
1136 4176 1252 4232 Iulianus
1264 4196 1322 4244 xr.,
1332 4179 1441 4233 Herodis
1451 4180 1527 4249 regni
1536 4171 1601 4243 septi·

457 4278 517 4317 mos
527 4266 642 4315 vocatur.
665 4260 731 4314 item
742 4262 786 4317 tib.
798 4280 840 4315 ιν.
852 4278 908 4333 cap.
917 4278 964 4316 ιιι.
976 4263 1075 4315 mentio
1086 4262 1117 4316 fit
1128 4264 1190 4316 anni
1198 4281 1255 4319 ιιιι.
1266 4264 1388 4331 Herodis,
1400 4281 1480 4335 quem
1488 4263 1602 4335 neptem

458 4362 557 4401 annum
567 4347 649 4401 foisse
659 4346 752 4417 probat
762 4346 891 4401 Iulianum
900 4364 968 4410 ιιι,
978 4346 1054 4401 Urbis
1066 4364 1193 4404 ocorxrr.
1217 4340 1601 4421 arerp.xn1.,deetntaeptint

458 4433 497 4486 rei
509 4432 700 4497 decimioctari,
715 4432 847 4497 meminit,
865 4436 906 4500 τῆς
924 4430 1000 4483 αὐτοῦ
1017 4432 1138 4501 βασιλείας
1155 4431 1185 4495 ιζ’
1198 4434 1361 4503 παρελθόντος
1377 4432 1458 4506 ἔτους,
1475 4436 1503 4487 id
1518 4440 1557 4487 est
1570 4430 1601 4481 in·

457 4516 550 4572 choato
561 4536 636 4574 xrrn.
670 4516 726 4581 Quo
743 4516 847 4587 quidem
859 4517 987 4572 zenodori
1001 4518 1166 4573 tetrarchiam
1182 4524 1275 4573 nactos
1291 4527 1341 4576 est.
1373 4520 1450 4591 Apud
1460 4520 1566 4574 Dionem
1579 4510 1599 4564 id

457 4604 550 4657 accidit
560 4620 627 4659 coes.
637 4603 745 4675 Apuleio
757 4608 783 4656 et
791 4602 868 4669 Silio,
879 4603 957 4658 Urbis
965 4618 1124 4669 occurre„
1140 4605 1241 4658 tuliano
1249 4622 1321 4660 rxrr.
1331 4606 1457 4677 Keplerus
1466 4606 1495 4658 in
1505 4598 1600 4658 nands

436 4744 438 4749 ,
458 4702 556 4742 annum
568 4706 632 4743 ινιι.
644 4688 756 4755 confert,
772 4688 882 4759 ideoque
897 4696 958 4743 ante
968 4688 1063 4754 Nisan,
1080 4688 1148 4743 node
1158 4690 1267 4745 Herodis
1283 4708 1366 4745 annos
1377 4690 1515 4762 iosephnrn
1526 4685 1598 4756 auspi·

457 4773 510 4825 cari
520 4780 603 4843 putat.
627 4774 700 4839 Quod
711 4772 775 4829 nihil
787 4780 827 4828 est
838 4790 953 4829 necesse.
974 4774 1043 4829 Nam
1059 4774 1224 4846 παρελθόντος
1240 4781 1286 4829 τοῦ
1301 4775 1369 4838 ἔτους
1386 4776 1417 4839 ιζ’
1429 4777 1532 4847 scripsit
1543 4776 1598 4828 lose·

456 4856 535 4928 phus;
547 4860 669 4913 nimirum
681 4876 750 4915 anno
763 4860 820 4931 ipso
832 4878 905 4915 ινιιι.
933 4860 1030 4915 ilodenr
1042 4876 1111 4915 auno
1123 4879 1197 4919 ινιιν.
1208 4864 1258 4933 tait
1267 4862 1393 4932 Iosephus
1404 4878 1461 4932 cap.
1470 4864 1536 4931 xre.)
1545 4868 1598 4915 τοι·
