3650 5642
1294 625 1381 681 ocvn

237 778 354 845 bueus,
371 780 404 833 de
414 796 466 851 qus
476 780 593 850 ruperios
604 780 762 834 mentionem
773 780 887 850 egimus,
903 778 992 833 scribit
1007 780 1133 849 optimum
1148 778 1221 833 illum
1237 795 1326 833 senem
1337 796 1382 849 ap·

236 866 426 935 propinquante
440 866 494 919 ism
511 866 583 919 obitu
598 882 708 937 puerum
724 866 758 918 ad
771 864 950 935 presbyterum
966 865 1076 917 misisse.
1105 862 1220 930 Ἐιτολῆι
1231 862 1258 916 bl
1270 862 1310 916 ὑπ’
1321 862 1381 935 ἐμοῦ

238 950 379 1019 δεδομένης,
395 950 451 1011 τους
466 948 696 1020 ἀπαλλαττομένους
711 954 755 1002 τοῦ
772 949 837 1019 βίου,
854 947 875 1001 cl
890 948 995 1017 δέοιντο,
1012 948 1052 1001 rel
1068 946 1173 1019 pilitum
1184 946 1204 1000 cl
1214 948 1255 1001 rol
1265 950 1382 1019 πρότερον

237 1033 395 1096 ὀιετειίττπες
406 1035 509 1106 τύχοιεν,
522 1033 643 1105 ἀφίεσθαι,
652 1035 694 1086 ies
705 1034 827 1095 εὐέλπιδες
838 1031 1052 1087 balineum:
1068 1034 1192 1089 Mandata
1203 1054 1221 1087 o
1232 1053 1281 1099 me,
1292 1035 1383 1105 inquit,

239 1122 312 1184 cete,
322 1132 354 1173 cr
365 1125 409 1191 qai
418 1138 448 1172 cs
458 1120 510 1173 loc
521 1125 576 1173 cita
587 1123 745 1173 discederent
754 1120 924 1191 (poenitentes
937 1119 1034 1172 scilicet
1044 1135 1074 1171 ec
1085 1118 1174 1189 lapsi),
1192 1124 1216 1171 es·
1230 1122 1259 1171 ici
1270 1121 1383 1189 portala-

240 1214 296 1269 mt
309 1208 424 1275 odeoqse
432 1214 491 1257 ante
498 1208 648 1275 suppliciter
657 1214 796 1273 roqcesent,
806 1206 999 1267 absolverentur,
1011 1222 1056 1273 quo
1068 1205 1166 1256 meliori
1173 1222 1228 1256 οιιοι
1236 1223 1280 1275 spe
1290 1210 1384 1273 niqra·

239 1299 297 1343 rent.
321 1290 458 1343 Postremo
469 1306 529 1343 cum
539 1291 567 1342 iu
579 1291 715 1359 Ancyraue
729 1290 828 1359 synodo
839 1307 895 1345 cau.
908 1294 968 1342 onte
978 1290 1054 1341 citato
1066 1294 1230 1359 praeceptum
1241 1290 1288 1355 sit,
1300 1297 1329 1343 ut
1338 1288 1384 1343 lio·

241 1374 345 1427 rubidae
361 1392 416 1428 non
431 1375 483 1427 uisi
498 1376 547 1427 snb
563 1380 673 1428 mortem
690 1375 892 1440 reconcilientur,
909 1379 1062 1444 argumento
1079 1378 1119 1427 eet
1134 1373 1196 1427 olim
1211 1390 1244 1427 ne
1260 1374 1287 1427 iu
1301 1380 1384 1429 morte

240 1459 340 1528 quidem
349 1476 443 1531 pacem
452 1460 504 1513 illis
514 1459 595 1513 fuisse
606 1476 763 1514 concessam.

301 1545 357 1598 Sed
364 1544 425 1599 buis
435 1546 570 1599 assertioni
578 1544 695 1598 nonnihil
703 1543 940 1615 refragariridetur,
951 1544 1019 1614 qnod
1027 1544 1055 1597 in
1063 1543 1278 1614 magnaliieaena
1285 1546 1384 1615 syuodo

242 1628 298 1683 tm.
309 1648 371 1685 nu.
384 1630 512 1683 sancitum
522 1630 628 1699 legitur:
645 1629 702 1700 Περὶ
713 1629 741 1682 δὲ
751 1632 801 1681 τῶν
812 1628 971 1690 ἐξοδευόντων
984 1626 997 1680 ὁ
1010 1628 1113 1689 παλαιὸς
1125 1628 1165 1679 καὶ
1176 1628 1298 1691 retortorio
1310 1632 1385 1700 νόμος

241 1713 422 1784 ουλιχθήοιττι
433 1714 474 1767 καὶ
484 1719 534 1783 νῦν,
550 1715 610 1775 rbere
621 1715 686 1776 εἴτις
697 1713 815 1783 ἐξοδιόοι,
831 1718 875 1766 τοῦ
886 1712 1023 1765 τελευταίου
1036 1712 1076 1765 rol
1087 1711 1276 1783 ἀναγκαιοτάτου
1288 1712 1385 1783 iqolloc

242 1796 474 1871 μὴᾶποταριῖτθου
507 1800 628 1871 Appellat
638 1798 743 1851 παλαιὸν
755 1799 795 1851 sol
806 1798 931 1851 καυονυιου
943 1800 1026 1869 νόμον,
1043 1816 1094 1869 quo
1105 1800 1264 1853 moribundis
1275 1799 1386 1853 dandam

241 1899 326 1952 pecern
338 1900 399 1939 esse
409 1885 604 1956 praescribitur3
619 1884 689 1955 quod
701 1891 788 1938 utrum
803 1884 837 1937 ad
848 1900 941 1937 aarum
952 1884 1074 1954 Cypriani
1084 1886 1205 1955 restringi
1215 1884 1319 1950 debeat,
1331 1900 1385 1938 am·

243 1968 304 2036 plius
315 1970 492 2040 cogitandum.
514 1969 650 2023 Gestarum
661 1970 695 2022 ad
705 1970 774 2035 eius,
790 1985 868 2041 quem
879 1968 1013 2039 bucusque
1024 1969 1255 2023 demonstravimus
1267 1970 1387 2023 severita-
1411 1990 1435 2031 p·
1442 1978 1486 2023 tte.

244 2054 273 2103 tis
282 2070 311 2106 ac
321 2060 422 2125 negnts
431 2054 620 2108 communionis
631 2054 710 2108 tidem
724 2056 848 2126 pertinet,
864 2054 934 2125 quod
950 2054 1069 2126 deinceps
1083 2055 1189 2109 uberius
1204 2055 1388 2126 disputandum

246 2138 313 2191 nobis
324 2145 378 2204 est,
390 2140 495 2211 publica
505 2140 585 2193 semel
595 2140 755 2211 poenitentis
764 2140 903 2205 defunctis,
916 2139 939 2192 sl
950 2138 1039 2193 eadem
1049 2140 1078 2193 iu
1088 2140 1196 2193 crimina
1205 2140 1387 2207 relaberentur,

246 2238 342 2277 omnem
350 2224 384 2277 ad
391 2225 576 2295 poenitentiam
585 2241 616 2278 ac
623 2241 714 2297 pacem
725 2225 824 2279 editum
831 2225 943 2279 maiores
951 2229 1053 2279 nostros
1061 2224 1248 2291 interclusisse,
1257 2232 1302 2281 aut
1310 2242 1388 2297 aegre

246 2306 378 2363 elusim
389 2326 420 2363 ac
431 2326 489 2364 raro
500 2310 629 2365 tribuisse.

267 2511 515 2570 remittimur
530 2515 574 2570 sc
589 2516 703 2571 Prosit
719 2514 906 2655 Sssffffili
923 2514 1060 2570 semitis
1077 2514 1238 2595 Eoctssm
1253 2514 1361 2570 VETUS

708 2601 766 2656 litt>
811 2601 830 2655 S
886 2602 917 2655 Τ.

305 2736 363 2793 lion
374 2737 409 2791 ad
419 2730 600 2808 antiquissime
610 2739 694 2793 solnm
705 2754 736 2791 ac
748 2738 877 2792 seponere
886 2743 1004 2809 tempora
1012 2738 1137 2791 dubitatio
1147 2738 1199 2791 iste
1209 2739 1331 2809 pertinet,
1342 2738 1388 2793 sed

249 2821 318 2876 edem
327 2824 472 2894 posteriora
482 2822 622 2894 eademque
633 2824 807 2878 commodiore
821 2823 1007 2894 complectitur.
1040 2822 1092 2877 Neo
1109 2822 1140 2876 de
1155 2824 1327 2895 poeniteutiae
1344 2840 1388 2895 ge·

249 2920 301 2960 uere
311 2910 396 2975 omni,
407 2909 453 2961 sed
464 2908 496 2961 de
506 2909 552 2962 illa
562 2910 618 2962 sola
629 2910 759 2980 quaeritur
769 2924 836 2979 quae
847 2910 881 2962 ob
893 2909 1020 2962 atrociora
1031 2908 1124 2961 delicta
1134 2910 1236 2979 publice
1247 2910 1388 2980 suscipere·

250 2995 295 3056 tur;
305 2995 347 3047 cui
356 2993 461 3065 proprie
471 3009 524 3063 pax
535 3000 562 3047 et
571 2994 743 3047 reconciliatio
754 2994 909 3064 respondere
920 2992 1020 3047 dicitur.
1040 2992 1105 3045 sam
1115 3010 1176 3047 vero
1188 2996 1268 3047 semel
1277 2995 1305 3047 iu
1317 2994 1389 3048 omni

250 3076 295 3128 site
303 3080 458 3149 permissam
468 3079 619 3148 iampridem
630 3078 722 3132 eruditi
731 3079 781 3132 viri
791 3079 942 3132 docuerunt
975 3077 1042 3131 llum
1059 3084 1085 3130 et
1094 3078 1163 3131 istud
1174 3079 1260 3149 ipsum
1272 3096 1306 3132 ex
1316 3084 1389 3133 vetn-

251 3161 362 3217 ttissimls
371 3164 490 3234 pauibns
500 3164 685 3229 Tertullianus,
697 3180 731 3217 ex
741 3164 927 3233 posterioribus
939 3163 1100 3232 Aufflrstiuus
1111 3168 1138 3215 et
1148 3163 1299 3217 Ambrosius
1311 3163 1389 3217 diser·

251 3245 341 3303 melma
350 3249 440 3302 testati
450 3256 519 3303 sont.
534 3250 685 3302 Tertulliani
695 3265 729 3302 ex
739 3249 785 3301 lib.
797 3248 828 3301 de
838 3248 937 3302 Posuit
949 3248 1028 3301 verbe
1039 3250 1111 3299 sunt:
1130 3246 1268 3301 Collocavit
1278 3252 1305 3301 ιἰι
1316 3253 1389 3302 ceso·

253 3330 299 3385 lolo
309 3339 490 3405 poenitentiam
505 3337 652 3399 secundun,
670 3352 734 3404 quoe
748 3334 906 3404 potentias
918 3336 1079 3402 patefaciat,
1096 3334 1142 3385 scd
1157 3337 1209 3385 iam
1225 3334 1311 3395 semel,
1329 3336 1389 3403 quio

252 3418 296 3468 lose
305 3422 424 3482 modo,
436 3421 482 3471 scd
492 3420 600 3489 emplius
611 3437 746 3488 maqnnm,
759 3423 819 3489 qnia
827 3420 1060 3488 procimssrnctrc.
1095 3416 1204 3487 Scripsit
1218 3423 1304 3471 autem
1320 3417 1389 3473 huuc

251 3498 335 3558 librum
345 3504 521 3558 Tertullianus
532 3510 670 3573 antequam
681 3503 714 3556 sd
724 3504 842 3557 Montani
853 3502 949 3573 dogma
959 3501 1123 3568 descisceret,
1137 3520 1171 3556 ne
1188 3503 1246 3574 quis
1260 3504 1288 3557 in
1305 3520 1335 3559 eo
1347 3518 1389 3558 ca·

252 3586 452 3643 tidstiomlccm
463 3604 520 3641 esse
530 3589 623 3659 possit,
639 3588 717 3658 idque
732 3589 795 3642 satis
809 3588 866 3659 ipse
880 3604 927 3659 per
937 3604 994 3641 sese
1005 3588 1127 3654 declarat;
1144 3604 1293 3660 qumquem
1303 3596 1390 3645 uuum

252 3668 393 3727 Tertulliani
404 3674 439 3726 sit
448 3673 571 3728 brumes
582 3688 613 3726 ac
623 3672 763 3728 Rhenanus
774 3674 919 3743 ambigunt.
950 3672 1003 3727 Nec
1019 3674 1180 3728 diffitendum
1196 3680 1235 3728 cst
1246 3674 1391 3729 dissimilia

253 3760 349 3812 eoem
360 3758 431 3827 stylo
442 3774 500 3811 esse
511 3759 696 3829 couscriptum,
711 3775 741 3812 ae
755 3758 833 3829 paulo
844 3757 976 3813 diffusiore
988 3774 1066 3829 quam
1077 3764 1152 3813 autor
1161 3760 1204 3813 ille
1215 3760 1305 3814 soleat
1339 3759 1391 3814 Sed

253 3841 453 3897 sirsTertulliaui
461 3844 502 3909 sit,
514 3843 583 3913 quod
590 3844 753 3897 vensimilius
762 3858 821 3896 cum
829 3843 943 3897 Psmello
955 3860 1012 3898 esse
1023 3846 1147 3916 suspicor,
1158 3845 1213 3898 sire
1223 3845 1336 3911 alterius,
1347 3861 1390 3899 ve·

254 3929 380 3982 mosem
396 3929 473 3999 plane
489 3928 621 3998 scriptoris
637 3934 677 3981 est
694 3935 720 3982 et
735 3928 835 3982 eruditi.
868 3930 952 3983 ilulto
967 3929 994 3982 id
1009 3930 1121 3999 apertius
1136 3929 1214 3982 uadit
1229 3930 1390 4000 Augustinus

253 4007 324 4080 Epist
332 4031 386 4067 us.
397 4029 415 4066 a
425 4028 476 4083 quo
487 4028 546 4066 cum
557 4013 724 4067 Macedoniae
735 4013 839 4083 quidem
848 4015 888 4067 vir
897 4014 1036 4084 primarius
1048 4014 1201 4083 quaesisset,
1212 4020 1299 4068 utrum
1309 4015 1390 4085 pieta·

254 4095 280 4147 tis
289 4104 391 4169 putaret
406 4112 475 4163 esse,
490 4098 618 4168 episcopis
632 4114 735 4152 reorum
750 4114 848 4168 poem
863 4098 1059 4169 deprecantibus
1076 4112 1201 4164 annuere,
1215 4100 1304 4169 itaque
1318 4099 1390 4153 dubi·

254 4185 334 4239 eretz
346 4183 418 4238 Nost
428 4187 453 4235 si
463 4202 480 4235 o
492 4185 590 4235 domino
599 4192 709 4254 peccata
720 4184 784 4236 odeo
792 4184 966 4254 prohibentor,
976 4190 1007 4235 at
1015 4200 1046 4235 ne
1053 4184 1198 4252 poenitendi
1208 4188 1304 4255 quidem
1315 4186 1391 4252 copie

253 4278 301 4331 poet
306 4272 419 4339 princes
425 4270 605 4337 μοιτίίοιιτιοοι
617 4269 751 4332 tribuatur,
762 4271 966 4339 quenadmodum
974 4284 1153 4337 ncspcaenmus
1161 4286 1191 4321 ca·
1201 4271 1322 4337 reltpiooe
1333 4284 1390 4319 τοιι-

256 4355 357 4417 mem,
367 4364 398 4406 st
406 4352 477 4405 notis
486 4354 654 4423 qualecunque
663 4354 730 4406 illord
739 4358 932 4422 consumerer,
945 4355 1101 4405 diminutor!
1132 4352 1293 4423 Augustinus
1304 4352 1342 4405 lte
1351 4367 1390 4404 re-

255 4438 365 4503 tpondetr
390 4438 426 4489 Io
441 4444 536 4489 tantm
553 4447 636 4490 catcm
651 4437 775 4491 hominess
791 4440 929 4509 aliquunde
945 4441 1066 4505 iniquitat
1078 4440 1250 4507 prcprcds'tnr,
1269 4446 1297 4489 at
1315 4440 1391 4489 ctiam

254 4532 396 4585 porrectos·
405 4527 595 4592 poenitentiarii,
607 4532 669 4592 post
684 4525 778 4575 eboris
791 4524 1033 4585 reconciliationes,
1048 4522 1089 4573 ccl
1102 4523 1198 4575 similia
1214 4523 1254 4574 ccl
1266 4524 1390 4590 praviore

257 4612 400 4661 comtum
409 4616 457 4660 etc.
480 4606 517 4659 Et
526 4610 640 4677 qaanosb
650 4610 688 4661 eis
696 4611 724 4659 io
735 4608 844 4661 ecclesio
855 4608 924 4661 Ιοοιιυ
935 4606 1089 4660 lamilllmce
1096 4610 1264 4678 poeniuntur
1275 4624 1323 4659 non
1334 4624 1391 4660 con-

258 4694 360 4757 odom,
375 4694 437 4745 deae
451 4701 534 4745 tanen
548 4710 626 4763 ceper
641 4710 682 4745 coe
696 4709 759 4745 eane
771 4696 914 4761 patientioe
924 4710 972 4745 ooo
983 4692 1145 4747 obliviscine.
1180 4690 1223 4743 Er
1232 4708 1333 4761 qomor
1347 4710 1392 4745 ιιυ-

257 4790 312 4830 *cro
321 4783 348 4830 ei
356 4782 413 4848 quie
424 4776 494 4830 sebio
503 4779 587 4841 dicut,
603 4788 651 4831 cat
659 4778 719 4831 dote
728 4777 792 4830 erili
801 4780 903 4830 medem
918 4782 1009 4830 iterum
1021 4778 1167 4847 poenitendi
1181 4776 1272 4840 ἱυουιιι,
1288 4786 1335 4831 cut
1349 4778 1391 4833 de·

258 4874 373 4928 φιιοιυιιι
383 4866 578 4933 mpeniolre,
588 4864 967 4932 mfucionqsidqoidlibcen't,
979 4870 1097 4933 ουοιιειιιιυ
1111 4864 1172 4914 meis
1186 4862 1274 4931 opttus
1284 4864 1392 4918 udiaoor
