3650 5642
434 623 539 679 LXXX

434 779 463 832 in
473 777 560 832 Martii
574 776 612 829 12.
623 773 758 840 incideret,
775 772 844 845 quod
859 772 887 828 in
900 772 1032 845 Galippica
1042 772 1200 844 ludsieaque
1209 770 1314 843 periodo
1325 770 1353 825 in
1367 769 1411 825 13.
1423 766 1584 824 conveniebat.

435 862 493 926 Qua
503 862 604 917 ratione
615 862 688 931 cyclo
701 860 739 913 13.
751 860 838 913 llartii
847 858 887 914 25.
899 858 964 912 luna
973 859 1024 913 init
1033 858 1083 924 lu,
1093 859 1241 929 Hngarenis
1250 874 1312 911 roro
1323 857 1362 912 14.
1382 844 1481 910 Verum
1491 854 1585 907 ludaeos

434 948 569 1019 Gelippice
580 948 641 1001 anni
652 945 824 1016 descriptione
835 960 899 998 usos
914 960 983 1009 esse,
1001 960 1053 1015 quo
1064 944 1244 1014 Scaligerisno
1255 944 1338 997 omnis
1349 943 1400 996 illa
1411 942 1527 994 doctrina
1536 936 1585 991 niti·

433 1040 484 1097 tur,
496 1034 519 1087 si
530 1032 589 1103 quis
600 1031 747 1102 negaverit,
758 1030 879 1101 progredi
890 1031 959 1083 ultra
969 1046 1022 1083 non
1033 1031 1136 1100 poterit.
1153 1031 1191 1083 Ae
1202 1046 1251 1083 nos
1263 1030 1297 1083 ed
1308 1033 1466 1100 sequentem
1474 1024 1587 1078 nasein

435 1120 536 1187 cyclum
548 1118 628 1171 rlinm
637 1116 771 1170 ludoicum
782 1115 986 1187 explicabimus,
997 1115 1026 1168 in
1038 1132 1090 1185 quo
1102 1114 1181 1169 biduo
1192 1132 1380 1185 nonnunquam
1399 1120 1428 1167 ct
1443 1130 1475 1165 eo
1490 1110 1588 1180 mplius

434 1204 589 1274 anticipatos
601 1203 654 1255 siut
664 1202 830 1267 neomeniam
842 1207 871 1254 nt
882 1200 946 1253 nilril
954 1198 1003 1252 hec
1012 1200 1117 1271 quidem
1127 1200 1229 1254 ratione
1237 1200 1363 1270 scaligeri
1374 1202 1531 1269 argumente
1540 1210 1589 1264 pro·

434 1294 562 1342 mereunt.
586 1288 637 1341 Sed
650 1304 682 1341 ee
692 1305 733 1341 ros
746 1304 794 1341 suo
805 1288 862 1340 loco
874 1286 1036 1341 tractabitur.
1060 1286 1150 1357 Neque
1160 1302 1222 1340 roro
1237 1287 1323 1339 minor
1335 1282 1487 1340 calviniani
1497 1280 1588 1334 ulterius

433 1380 474 1428 est
482 1375 596 1439 venius,
608 1374 654 1444 qui
661 1371 753 1445 Epiph.
762 1372 921 1425 credulitatis
932 1370 1068 1425 insimulet
1078 1388 1112 1425 ex
1124 1388 1155 1424 oo
1167 1370 1236 1442 qnod
1244 1372 1324 1424 variis
1334 1372 1363 1423 in
1374 1371 1443 1424 locis
1452 1367 1527 1422 Pilati
1535 1366 1589 1417 Acta

432 1460 533 1526 laudet,
545 1476 629 1530 neque
641 1466 729 1512 temon
740 1458 768 1511 in
779 1458 840 1511 falsi
848 1456 1025 1527 suspicionem
1034 1456 1150 1510 eddoeet.
1168 1456 1243 1522 Quod
1255 1474 1287 1510 ne
1298 1456 1486 1510 refutationem
1499 1450 1590 1523 quiden

433 1550 552 1599 meretur.

501 1629 546 1681 Καὶ
558 1628 583 1682 ίν
595 1629 677 1691 αὐτοῖς
690 1629 716 1682 ol
728 1627 831 1697 στάσις]
854 1628 924 1683 Haec
934 1629 1015 1682 verbo
1025 1629 1075 1680 τῶν
1087 1627 1130 1699 μὲν
1141 1627 1266 1698 λεγόντων
1278 1632 1325 1681 etc.
1337 1628 1427 1681 aliena
1439 1625 1473 1678 ab
1483 1622 1532 1676 hoc
1541 1621 1589 1673 loro

432 1716 513 1769 uideri
524 1722 641 1786 possunt.
664 1715 731 1769 Nem
746 1715 861 1787 priorum
876 1714 980 1767 illorum
996 1715 1154 1768 sententiam
1170 1714 1318 1777 continent,
1336 1714 1381 1782 qui
1393 1704 1590 1766 miniaceis

433 1801 561 1855 brendum
572 1799 669 1873 pischa
680 1800 816 1853 sciverant.
834 1798 991 1869 Quanquam
1002 1815 1079 1871 saepe
1091 1800 1176 1853 otiosa
1184 1799 1311 1852 eiusmodi
1319 1798 1442 1868 repetitio
1455 1794 1523 1867 apud
1532 1791 1590 1843 huuc

433 1888 584 1958 scriptorem
595 1885 815 1939 mimsdvcrtitur.
839 1884 891 1939 Sed
908 1886 970 1955 qnid
986 1902 1018 1938 ee
1032 1884 1137 1937 tendens
1148 1884 1199 1937 sibi
1210 1885 1318 1939 volunt?
1342 1883 1475 1937 statuisse
1487 1880 1543 1932 illos
1553 1892 1590 1946 pa·

431 1972 496 2026 seha
506 1990 560 2027 ιιν.
572 1972 644 2036 luna,
662 1986 728 2041 quse
743 1972 771 2024 in
783 1988 839 2025 νιιι.
850 1970 908 2026 Knl.
920 1972 982 2041 Apr.
992 1970 1124 2024 incurret?
1146 1970 1194 2022 Est
1209 1969 1272 2023 illud
1289 1968 1392 2039 quidem
1410 1967 1494 2021 nimis
1510 1964 1589 2016 absor·

432 2058 506 2123 dnm,
523 2058 598 2127 qussi
613 2057 646 2110 sd
661 2073 722 2110 enm
738 2055 808 2109 diem
823 2056 901 2110 iunco
913 2072 967 2111 ιιν.
983 2056 1038 2109 dies
1054 2056 1138 2126 possit
1152 2054 1343 2109 adhaerescere.
1372 2052 1443 2118 Quid
1455 2052 1479 2106 si
1491 2048 1537 2120 πρὶν
1549 2048 1589 2097 τῶν

432 2139 500 2195 ὀκτὼ
511 2143 568 2196 Kal.
580 2144 653 2211 legas
665 2158 718 2196 non
730 2143 779 2193 τῶν
791 2140 839 2211 πρὶν
853 2137 937 2193 dardi
969 2140 1038 2194 Nem
1054 2138 1079 2192 cl
1094 2141 1142 2210 πρὸ
1159 2137 1226 2193 ὀκτὼ
1241 2140 1299 2195 Kal.
1314 2139 1384 2193 idem
1399 2144 1467 2192 suut
1483 2142 1557 2203 atque
1569 2126 1589 2179 s!

432 2222 500 2281 ὀκτὼ
511 2228 568 2281 Kal.
591 2228 664 2292 Qnse
675 2226 797 2299 loquendi
808 2226 923 2282 formula
933 2226 1056 2280 oLetinis
1067 2226 1196 2292 mouerit,
1209 2226 1302 2296 quibus
1317 2231 1376 2278 ants
1390 2223 1464 2278 diem
1472 2238 1529 2274 τιτι.
1540 2215 1588 2269 Καὶ

431 2312 502 2367 idem
513 2320 553 2367 est
564 2318 642 2384 etque
654 2332 709 2368 vm.
721 2314 778 2367 Kal.
802 2314 837 2367 nt
848 2314 870 2366 si
882 2311 931 2383 πρὸ
943 2314 993 2364 τῶν
1006 2308 1073 2364 ὀκτὼ
1085 2313 1172 2381 leges,
1189 2309 1258 2364 hunc
1274 2308 1353 2364 habet
1369 2326 1494 2373 sensum,
1508 2306 1588 2357 lumm

431 2400 490 2453 rnos
505 2400 543 2455 ιι.
556 2400 733 2465 oonsnmisse,
747 2404 869 2469 quiante
881 2382 941 2453 vm?
950 2396 1007 2450 mc
1019 2396 1151 2452 incideret.
1173 2396 1305 2450 uerrere
1316 2414 1370 2450 m.
1382 2397 1476 2449 runem
1487 2384 1587 2455 τονην

432 2480 500 2538 ὀκτὼ
512 2484 568 2537 καλ.
580 2490 655 2539 vocet
666 2500 736 2549 eam,
753 2500 820 2555 quoe
836 2483 897 2537 huic
913 2485 1025 2537 termino
1036 2482 1205 2554 propinquior
1216 2487 1267 2547 est,
1284 2481 1353 2553 qnod
1363 2498 1458 2535 rerum
1473 2482 1543 2550 puto·
1564 2468 1587 2523 Si

432 2572 535 2641 quidem
548 2576 574 2624 et
584 2570 648 2623 haec
659 2569 783 2640 loquendi
796 2569 922 2636 formulc,
939 2584 1018 2640 qnam
1033 2584 1081 2637 pro
1098 2574 1202 2639 recepte
1216 2582 1364 2637 excusaque
1380 2563 1506 2620 substitui
1519 2570 1586 2632 pot!t

431 2656 547 2710 diximus
565 2656 613 2726 πρὶν
629 2657 679 2707 τῶν
696 2650 763 2706 dard
779 2670 826 2726 pro
844 2654 936 2710 eodem
952 2654 1082 2709 interdum
1093 2652 1160 2707 solet
1171 2654 1291 2724 usurpari
1302 2659 1379 2723 etque
1391 2654 1475 2706 alters
1487 2650 1535 2700 τῶν
1546 2639 1586 2712 καὶ

431 2738 505 2795 ὀκτώ.

498 2825 530 2879 N.
541 2844 571 2882 ιι.
594 2824 653 2877 Ἐὰν
665 2825 726 2896 αρὀς
738 2824 861 2896 ἑταίραν]
885 2825 950 2879 Vids
962 2825 1080 2878 Animsd.
1092 2831 1196 2878 nostras
1209 2825 1241 2878 ed
1252 2819 1322 2879 liser.
1335 2840 1395 2876 ιιι.
1408 2841 1435 2876 n.
1448 2839 1487 2876 ιι.

497 2912 529 2967 N.
541 2930 581 2965 ιιι.
605 2910 763 2982 Πανταχόθεν
775 2909 801 2962 δὲ
813 2909 828 2976 lq
841 2909 919 2982 ἁγία]
951 2910 1024 2974 Quae
1036 2910 1067 2962 ad
1079 2908 1149 2963 hunc
1160 2912 1246 2963 locum
1258 2899 1505 2971 concordarent,
1520 2918 1548 2955 ea
1558 2896 1585 2950 sd

430 2998 498 3052 haer.
511 3014 585 3062 ιιι,
601 3012 668 3067 quse
684 3000 723 3050 est
738 2996 849 3051 Audiam.
865 2994 1027 3063 differemus,
1043 2996 1089 3049 ubi
1104 2996 1179 3066 plnrs
1194 2995 1227 3048 sd
1244 2994 1293 3049 lroc
1307 2996 1456 3048 institutum
1467 2987 1585 3063 Epiphan-

431 3084 552 3155 disputet.

498 3168 526 3221 r'o
539 3166 672 3239 ίμριίτηγια
683 3172 727 3221 τοῦ
740 3166 848 3239 βίωνος.]
880 3167 941 3222 Vox
956 3169 1010 3222 ists
1026 3166 1089 3237 βίων
1104 3182 1234 3238 nusqnsm
1251 3182 1320 3221 eme
1330 3168 1405 3220 loeta
1428 3165 1514 3236 Atque
1525 3152 1584 3211 haud

430 3256 485 3310 scio
497 3271 531 3309 an
544 3254 670 3326 βοίρωνος
681 3254 774 3309 Latino
786 3255 913 3308 vocabulo
925 3254 1057 3325 scripserit
1068 3253 1158 3325 Epipln

562 3392 564 3397 ’
654 3411 699 3465 no
717 3409 890 3465 urucnsm
906 3409 962 3475 ιι,
978 3409 1069 3473 ouis
1085 3408 1149 3463 sen
1165 3404 1364 3461 meconem.

498 3512 527 3565 N.
540 3531 579 3567 ιιι.
602 3510 657 3563 Ἵνα
674 3512 737 3581 δείξῃ
751 3511 778 3562 το
791 3506 854 3570 εἶδος
866 3514 907 3577 τῆς
920 3508 1010 3580 ἁγίας]
1042 3510 1157 3563 lleudem
1175 3525 1251 3563 orcae
1268 3508 1464 3563 similitudinem
1481 3500 1583 3559 declarat

429 3598 497 3667 Aug.
510 3597 528 3651 l.
538 3614 585 3651 ιιι.
597 3614 619 3651 ο.
631 3596 717 3649 Ferret
730 3612 751 3649 c.
760 3614 813 3650 ιιν.

358 3734 363 3745 ,
399 3733 404 3743 ,
497 3680 527 3735 N.
539 3700 556 3735 ι.
581 3680 611 3733 'll
623 3678 894 3750 ταῦλίθοῦΓαγίτον.]
928 3680 1025 3735 lisdem
1041 3681 1094 3735 iere
1112 3687 1260 3753 serpentum
1277 3678 1422 3751 ἀλεξητήρια
1438 3678 1531 3735 cecinit
1544 3670 1580 3725 Nl·

429 3768 530 3821 eander.
553 3766 592 3820 De
604 3766 705 3836 Gagats
715 3782 801 3837 porro.
1223 3831 1227 3842 1

631 3848 739 3904 Ἀλλοτε
751 3846 774 3901 δ’
787 3846 890 3916 ἀζαλέην
903 3849 980 3903 καίων
991 3850 1128 3924 ἔγγᾶγγιδα
1139 3854 1236 3925 πέτρην,

469 3970 471 3975 ·
630 3931 680 3989 'lle
693 3934 750 3988 etot
762 3939 889 4006 κρατεροῖο
901 3936 977 4007 stupor
989 3938 1151 4008 repressionem
1163 3936 1237 4010 ὁρμή.

429 4024 478 4079 Ubi
495 4022 581 4077 Schol.
594 4021 636 4091 rip
652 4024 765 4094 γαγγΐτιν
783 4020 858 4073 λίθον·
871 4020 895 4073 ἐν
912 4019 1018 4093 Γάγγαις
1033 4022 1081 4094 γὰρ
1093 4027 1135 4091 τῆς
1147 4024 1235 4085 Δυκίας
1247 4021 1387 4093 εὑρίσκεται.
1401 4022 1443 4084 τίς
1455 4021 1482 4075 dl
1493 4017 1580 4088 linet

428 4109 499 4163 πόλιν
509 4103 584 4160 οὖσαν
596 4111 638 4175 τῆς
650 4108 738 4170 Λυκίας
751 4107 791 4160 καλ
802 4107 913 4177 Γαγγίδα
926 4108 1006 4178 φασίν.
1029 4108 1095 4162 Plio.
1106 4110 1125 4163 l.
1137 4126 1231 4175 mur,
1249 4126 1271 4163 o.
1285 4109 1323 4162 19.
1337 4109 1453 4179 (lagatos
1463 4108 1530 4179 lapis
1540 4116 1578 4155 ¹10·

427 4213 489 4251 rnen
499 4194 579 4248 habet
589 4194 639 4248 loci
650 4203 677 4246 st
688 4195 773 4247 omnis
785 4192 885 4263 (longis
897 4192 1000 4263 Lycias.
1023 4194 1110 4248 Diosc.
1122 4196 1140 4250 l.
1153 4213 1178 4250 v.
1191 4212 1213 4248 c.
1224 4210 1297 4249 xcix.

496 4280 526 4334 N.
538 4298 567 4335 ιι.
589 4276 645 4331 Ἵνα
657 4276 720 4347 δείξῃ
733 4278 761 4329 ιλ
774 4274 837 4338 εἶδος
849 4281 891 4344 τῆς
904 4274 994 4348 ἁγίας]
1017 4278 1082 4332 Vide
1092 4280 1203 4349 August.
1215 4282 1232 4332 l.
1244 4298 1291 4334 xm.
1304 4296 1326 4333 c.
1338 4278 1426 4333 Fcust.
1439 4296 1461 4332 c.
1473 4296 1526 4333 ιιι.

494 4366 525 4419 N.
537 4384 576 4421 ιιι.
594 4364 640 4415 llcl
652 4361 726 4433 ciple
738 4361 853 4434 ίδίχοντο
864 4362 893 4414 τίν
907 4362 1070 4434 selandicos]
1088 4363 1154 4417 Nsm
1166 4364 1197 4417 dc
1207 4364 1364 4435 Apocalypsi
1375 4363 1493 4419 nonnihil
1505 4380 1521 4418 a
1531 4354 1578 4429 qli·

427 4451 537 4505 busdam
550 4450 707 4514 dubitatum,
722 4448 753 4501 do
765 4466 816 4519 quo
828 4455 947 4503 accurato
958 4450 986 4501 in
998 4449 1064 4502 Anu.
1077 4448 1172 4502 Boron.
1185 4450 1214 4501 A.
1226 4465 1249 4502 e.
1260 4449 1302 4503 97.

494 4536 525 4591 N.
537 4554 572 4591 ιν.
598 4533 628 4588 Ol
640 4534 666 4587 dl
678 4530 750 4585 ἄλλοι
762 4532 950 4605 είαγγελισταί]
974 4534 1038 4588 Vide
1050 4534 1118 4605 Aug.
1129 4536 1147 4588 l.
1160 4552 1189 4589 ιι.
1201 4534 1233 4587 de
1245 4534 1322 4590 cons.
1334 4534 1433 4605 Erang.
1445 4550 1467 4587 c.
1478 4552 1530 4588 m.

494 4620 525 4673 N.
537 4640 562 4675 ν.
585 4618 655 4673 Ἔδει
667 4618 714 4690 γὰρ
726 4620 768 4670 τὀν
780 4615 828 4670 ἀπὸ
846 4619 968 4690 πολλῶν]
996 4620 1088 4673 Malim
1104 4624 1142 4690 τῷ
1158 4616 1326 4691 ίπιατρίψανττ
1343 4626 1369 4673 et
1385 4618 1520 4673 ἀναστάντι.
1540 4612 1576 4668 vi·

427 4706 515 4759 cissim
523 4722 584 4759 sero
593 4704 636 4757 riv
645 4704 747 4757 ἐλθόντα
755 4710 804 4757 etc.
822 4703 856 4757 Ut
867 4704 947 4759 dandi
957 4720 1033 4759 casus
1045 4704 1175 4777 apostolo,
1188 4706 1325 4760 accusandi
1334 4704 1435 4759 Christo
1444 4706 1574 4759 tribuatur:

426 4790 496 4861 quod
507 4808 555 4845 nos
566 4789 757 4861 interpretando
769 4790 910 4860 sequimur.

494 4873 548 4927 Ἀπ’
560 4874 636 4927 αὑτοὺ
648 4880 692 4927 τοῦ
704 4870 777 4946 ἔργον
788 4874 907 4944 κηρύξαι]
932 4876 985 4931 lut
995 4876 1085 4948 κηρίξη
1095 4876 1147 4948 leg.
1160 4884 1206 4931 aut
1217 4880 1261 4930 τοῦ
1273 4874 1381 4945 κηρύξαι.
