3650 5642
640 647 798 699 semme
815 647 856 698 nn
873 647 948 698 nnn.
967 645 1092 698 11110110.
1379 635 1435 704 111

279 767 361 826 dnm:
380 765 407 820 ίν
423 763 556 832 έκποίματι
573 764 612 816 rel
630 763 656 820 έν
671 762 782 832 πόματι.
818 765 880 816 lieni
895 762 964 832 qnod
979 764 1080 825 attinet,
1099 763 1147 816 rid.
1164 766 1283 816 nnnnen.
1301 763 1333 814 ed
1349 767 1440 816 λέοπιοτ.

280 853 382 922 Byrria.
400 852 426 902 in
446 851 501 901 Cer.
520 869 543 898 v.
560 855 616 900 211.

356 938 385 988 Ρ.
398 939 449 986 008
464 936 567 1002 (1099).
600 931 684 988 κατὰ
707 931 766 994 τὰς
787 931 929 1000 ίναγεῖς
953 932 1014 1000 τῆς
1031 932 1211 1000 πανδήμου
1228 935 1294 988 τῶν
1311 935 1440 987 πεπλα-

280 1020 446 1088 νημένων
471 1016 713 1076 συνελεύσεως
737 1014 899 1077 τελετὰς,
927 1016 985 1070 καλ
1010 1017 1072 1070 τῶν
1098 1017 1365 1080 παταλιζύντων
1383 1017 1440 1070 καλ

282 1101 502 1172 ὁρμούντων
519 1102 685 1170 ἐμμανεῖς
701 1102 807 1167 δῆθεν
825 1101 1047 1169 ἱεροφαντίας
1065 1099 1358 1170 σγηματιζόντων]
1373 1101 1441 1154 Παν-

281 1189 374 1257 δήμου
394 1183 562 1246 συνελεύσεως
581 1184 685 1246 τελετὰς
709 1186 820 1252 intellige
844 1190 932 1250 publici
951 1190 1084 1238 concubitus
1100 1201 1185 1250 νοοτσ,
1209 1186 1233 1236 in
1257 1186 1376 1238 honorem
1393 1189 1440 1238 Se—

283 1275 355 1324 turni
372 1274 498 1324 celebrate
514 1272 547 1322 nb
563 1271 703 1322 horninibne
718 1270 835 1337 perditis,
861 1287 923 1338 quoe
938 1269 1113 1338 έξιύλειςροετ
1129 1271 1203 1338 penio
1221 1281 1301 1322 νοσει.
1337 1269 1440 1330 Deinde,

282 1357 384 1426 virgula
401 1356 553 1424 transposita
571 1366 629 1422 post
648 1351 720 1421 ὀργ,
747 1356 822 1406 verbe
844 1356 895 1408 τῶν
910 1354 1105 1420 πεπλανημένων
1123 1385 1149 1393 -
1170 1353 1213 1408 καλ
1228 1355 1278 1408 τῶν
1297 1353 1440 1416 παταλιζίν-

282 1461 337 1496 των
353 1442 400 1496 καί
416 1437 564 1509 ὀργιούντων
588 1439 727 1507 copulande
744 1441 819 1490 etin
836 1438 992 1490 emendenda
1008 1451 1079 1488 eunt:
1107 1467 1134 1478 -
1162 1439 1271 1492 καὶτῶν
1290 1435 1442 1501 σκιταλιζὸν-

282 1545 336 1580 των
361 1527 407 1580 καί
428 1521 561 1592 ὀργωντων
605 1522 799 1586 Παταλιζόντων
823 1543 853 1574 ex
878 1523 934 1576 cod.
951 1527 1001 1574 len.
1017 1523 1111 1592 recepit
1128 1527 1253 1588 Oeirierne,¹
1278 1523 1331 1591 ipee
1349 1522 1441 1574 mni-nit

282 1608 491 1677 παταγιζύντων,
518 1610 586 1678 ιγσινιί
600 1627 646 1676 pro
669 1607 845 1676 παταγούντων
862 1609 971 1676 potitum
988 1618 1107 1658 autumet.
1142 1607 1349 1670 Παττοιλιίόντων
1367 1608 1440 1659 codd.

285 1696 395 1763 Rhedig.
410 1707 437 1744 et
452 1695 527 1746 Paris.
553 1691 746 1756 Καταλιζόντων
763 1693 819 1743 edd.
839 1693 911 1744 Basii.
929 1703 955 1744 et
970 1695 1068 1754 Peterin,
1091 1709 1153 1760 quae
1175 1703 1212 1742 ert
1229 1692 1363 1760 depravatu
1378 1693 1440 1742 ecri-

284 1793 362 1850 ptum
381 1779 475 1832 codicia
491 1783 541 1829 ien.
577 1778 627 1828 Sed
648 1777 753 1828 librariis
769 1777 852 1828 fraudi
870 1777 917 1828 fnit
934 1777 1035 1828 verbum
1052 1777 1200 1828 rnrieeimum
1223 1775 1385 1840 σκιταλίζεεν,
1409 1777 1441 1825 de

284 1885 338 1934 qno
357 1865 410 1916 rid.
426 1869 500 1927 Toup.
518 1863 619 1914 Emend.
635 1863 659 1912 in
677 1862 746 1913 snid.
762 1873 789 1911 et
804 1862 912 1930 Heeych.
930 1864 961 1914 T.
973 1865 1003 1912 ΙΙ.
1022 1865 1112 1930 pm.
1128 1879 1164 1930 eq.
1182 1861 1265 1930 quiid
1283 1862 1385 1914 verbum
1397 1880 1439 1912 re-

283 1952 371 2002 stiterit
389 1953 469 2014 οοπρσ
486 1950 582 2000 Ρεοτστ.
600 1947 649 1998 Lib
673 1949 714 1998 iii.
732 1965 756 2015 p.
770 1951 827 1996 100.
841 1947 881 1998 ed.
899 1949 1023 2014 iungerm.
1050 1949 1085 2014 (ρ.
1103 1951 1143 1998 88.
1160 1947 1268 2012 Selinos.)
1286 1944 1349 2012 πρύς
1365 1963 1393 1999 τε
1408 1943 1441 2000 τὰ

285 2033 424 2104 φιλήματα
449 2029 522 2100 ὤργα
546 2032 590 2086 καλ
616 2029 679 2098 πρὸς
700 2029 746 2092 τοὶς
767 2029 900 2100 περιβολὰς
917 2029 1060 2084 έσνιιτιίλισε
1086 2031 1160 2098 (vulg.
1179 2029 1346 2098 έσκυτείλιοε).
1380 2025 1439 2098 Ὀρ-

285 2119 409 2188 γιούντων
426 2119 532 2187 ρονεὶτσσ
549 2117 637 2184 vulgo,
656 2116 724 2183 qnod
738 2119 851 2168 Perenne
866 2133 997 2184 perperam
1011 2117 1085 2168 vertit
1100 2120 1168 2180 οτρία
1183 2118 1337 2182 οείαοτσιιῑεε,·
1360 2133 1440 2184 neque

286 2206 350 2258 ferri
367 2215 453 2273 potest
467 2200 618 2270 ὀργιοίντων,
637 2201 704 2268 qnod
721 2203 831 2254 oveten
847 2201 969 2263 eonieeit,
987 2201 1055 2269 qneei
1071 2219 1116 2269 pro
1136 2195 1301 2269 ὀργιαζόντων
1317 2201 1344 2252 id
1359 2219 1439 2270 pone·

285 2301 365 2342 retur.
399 2289 457 2340 Men
475 2305 504 2337 ex
522 2285 697 2336 emendetione
713 2285 813 2336 verbnm
834 2281 911 2352 ὀργᾶν
935 2285 985 2336 hoc
1008 2287 1065 2337 ioco
1087 2303 1136 2337 non
1159 2287 1238 2336 minue
1262 2297 1321 2354 epte
1341 2287 1441 2354 ponitur

286 2393 362 2444 qum
380 2393 404 2442 p.
413 2377 463 2423 009
479 2374 571 2440 (1099)
587 2371 612 2422 in
627 2371 696 2420 inis:
723 2367 779 2430 Τὰς
855 2370 1019 2437 Μεμφίτιδας
1034 2367 1248 2431 Ἠλιουπολίτιδας
1263 2366 1382 2438 ὀργιίσας
1399 2401 1439 2436 -,

287 2461 331 2510 nbi
349 2476 431 2526 neque
449 2452 568 2523 ὀργώσας
590 2473 644 2506 cnm
660 2459 757 2508 Ριίουία
774 2459 841 2519 στρίσ
858 2459 997 2506 celebrantes
1014 2455 1227 2524 interpretaberis,
1251 2473 1330 2524 neque
1351 2455 1383 2506 de
1398 2475 1440 2506 re.-

211 2559 217 2570 ·
286 2541 422 2595 scribendo
443 2537 571 2609 ὀργιιύσας
588 2539 717 2607 cogitabis.
751 2543 791 2592 Tn
804 2540 860 2590 vide
873 2543 995 2591 Ruhnken.
1010 2540 1043 2590 nd
1058 2541 1123 2592 Tim.
1142 2560 1166 2608 p.
1183 2545 1237 2590 199.
1254 2559 1290 2609 eq.
1310 2550 1336 2592 et
1351 2540 1440 2592 confer

286 2633 397 2694 ισπρισπ
412 2627 429 2676 i.
445 2645 485 2691 c.‚
505 2625 546 2676 nbi
564 2622 640 2692 ὀργᾶν
657 2635 683 2676 et
701 2624 850 2687 σκιταλίζειν
868 2625 962 2692 pariter
978 2643 1008 2676 ec
1024 2636 1111 2676 nostro
1127 2625 1185 2676 loco
1202 2625 1356 2692 copulantur.

359 2715 386 2764 Ρ,
405 2714 457 2771 008
474 2712 578 2778 (1099).
620 2708 792 2777 ἐμμανεῖς
816 2726 854 2762 τε
878 2709 937 2763 καί
962 2703 1192 2778 ἀφραίνοντες
1216 2709 1441 2778 γελοιυίμενοί

287 2799 336 2866 τε]
355 2797 445 2848 Verbis
459 2791 574 2864 ὀφραίνω
592 2807 618 2845 et
634 2791 741 2860 γελοιιίω
758 2794 784 2844 in
798 2794 939 2862 pedestrem
954 2795 1091 2848 orationem
1107 2795 1229 2848 transietir
1245 2796 1385 2864 κακοζηλία
1400 2797 1449 2847 ἰα-’
1493 2807 1497 2813 ·

289 2894 345 2945 eet,
363 2899 438 2950 quem
455 2881 540 2932 nonni
559 2880 592 2930 nd
608 2881 679 2930 T.1r.
698 2897 722 2946 p.
740 2883 788 2929 002
805 2880 888 2947 (704).

358 2967 385 3018 Ρ.
402 2970 452 3015 014
468 2967 570 3032 (1090).
606 2958 819 3031 ηἐύρρασία
836 2961 855 3031 η
872 2964 1021 3019 πνέουσα
1037 2964 1096 3034 τήν
1114 2964 1236 3035 κύπριν
1259 2971 1320 3034 τῆς
1336 2965 1440 3034 α’μπέ-

289 3055 358 3117 λου]
377 3053 414 3101 Ει
431 3052 669 3111 0101.(ἶατ11.1,14.
685 3077 719 3090 -
746 3053 837 3100 pereni
852 3049 1019 3100 coniecturam
1036 3047 1143 3116 κύπρον,
1162 3069 1192 3102 ex
1212 3053 1335 3120 Aneceph.
1351 3070 1376 3120 p.
1391 3057 1440 3103 082

289 3139 366 3204 (102)
383 3147 496 3202 ceptam,
514 3133 604 3186 merito
619 3133 714 3202 respuit
732 3133 761 3186 cl.
778 3133 875 3194 editor,
894 3133 975 3200 quiin
990 3133 1114 3201 Aneceph.
1131 3147 1216 3188 nostro
1234 3154 1263 3188 ex
1278 3136 1334 3186 loco
1350 3135 1441 3205 κύπρον

290 3221 379 3290 reponi
398 3232 466 3272 recte
483 3221 560 3271 iubet.
594 3219 652 3269 Vid.
669 3229 755 3268 annot.
768 3219 794 3268 in
811 3219 843 3269 T.
857 3220 886 3268 ΙΙ.
905 3236 929 3286 p.
944 3222 991 3268 180
1008 3222 1093 3282 (001).

357 3309 384 3357 Ρ.
401 3310 450 3355 010
468 3307 570 3372 (1097).
606 3301 756 3362 σκεύους
780 3298 986 3369 ἁγιωσύνης
1011 3303 1332 3371 καλδικαιοσύνης]
1359 3300 1441 3373 ’Δγιο
1495 3369 1498 3378 ,

291 3389 371 3458 σύνης
394 3391 445 3441 hoc
468 3391 525 3441 ioco
543 3402 568 3439 et
594 3409 618 3457 p.
636 3393 685 3438 020
702 3391 794 3454 (1100)
818 3391 928 3438 Ριίαυίυν
945 3387 1016 3438 mele.
1051 3387 1119 3439 Idem
1136 3399 1219 3440 temen
1232 3385 1377 3458 ιίγιωούνης
1394 3408 1440 3457 ge-

289 3476 362 3526 minis
382 3475 444 3526 locis
462 3475 487 3526 in
505 3475 630 3542 Arrecepin
649 3491 670 3540 p.
682 3477 730 3522 082
749 3474 832 3539 (108).
866 3471 925 3522 Vid.
939 3482 1024 3522 annot.
1043 3472 1067 3522 in
1084 3475 1114 3524 T.
1128 3476 1156 3526 ΙΙ.
1171 3493 1195 3542 p.
1203 3478 1252 3524 420
1269 3477 1353 3542 (080).
1382 3477 1440 3526 Mox

290 3560 399 3620 nonnisi,
413 3559 480 3628 μίση
498 3559 698 3626 distinguendum
721 3569 779 3608 nnte
796 3557 885 3608 verbe:
910 3555 943 3610 rei
959 3553 1039 3610 πάντα
1057 3555 1086 3610 δλ
1103 3556 1142 3625 μή
1159 3558 1296 3628 γρανῦέντα
1313 3570 1361 3610 ρετ.
1371 3597 1379 3626 ,
1403 3560 1439 3608 ei-

291 3645 393 3714 qnidem
410 3645 473 3695 haec
488 3662 518 3695 ex
531 3643 694 3711 praegreseie:
711 3639 743 3696 td
760 3641 840 3698 πάντα
856 3641 959 3702 τελείως
977 3639 1040 3712 έχων
1059 3653 1106 3694 cet.
1125 3659 1242 3712 ευοροοοε
1263 3655 1329 3696 runt.
1365 3643 1441 3696 Recte

289 3729 474 3798 interpungitnr
489 3729 515 3780 in
534 3729 659 3796 Anncepb.
676 3746 701 3796 p.
711 3732 759 3778 082
778 3727 824 3778 inf.
843 3731 929 3789 (108).

358 3816 385 3865 P.
402 3818 451 3864 016
468 3815 570 3882 (1098).
604 3809 780 3866 Ἐνταῦθα
805 3809 840 3866 δέ
867 3811 900 3865 έν
927 3811 1067 3882 Χριστῷ
1095 3812 1440 3884 ίογυροποιουμένωυ

290 3899 354 3966 τῆς
371 3898 625 3966 insidiatricem]
644 3891 748 3963 ἄρτου
765 3895 824 3950 καλ
841 3898 901 3962 τῆς
918 3899 974 3950 τοῦ
993 3891 1117 3958 ύδατος
1135 3895 1266 3968 ἰσχύος]
1283 3901 1440 3952 Heecrerbe

291 3984 433 4034 referuntur
447 3984 477 4034 ad
495 3983 592 4050 priora:
610 3982 778 4048 πληρουμένου
795 3982 839 4035 τοῦ
856 3979 881 4034 έν
896 3983 934 4050 τῷ
949 3978 1068 4050 προφήτῃ
1085 3982 1169 4048 ῥητοῦ.
1195 3985 1280 4051 itaque
1296 3985 1376 4052 μέσην
1393 4003 1440 4054 pro

290 4068 375 4138 τελείᾳ
392 4079 450 4118 ente
472 4067 581 4120 ἐνταῦθα
598 4085 673 4135 pone.
708 4071 835 4130 Perenne,
853 4084 904 4116 non
921 4078 1051 4118 contentus
1069 4077 1176 4133 puncto,
1203 4069 1271 4136 peine
1295 4070 1369 4120 etiem
1388 4087 1440 4121 rem

291 4155 384 4222 gessit,
402 4153 469 4220 qnod
485 4153 695 4222 intercapedinem
713 4151 833 4204 orationis
851 4151 919 4202 fecit.
955 4151 1023 4202 Haec
1037 4151 1068 4202 de
1085 4152 1185 4220 gemino
1203 4153 1256 4204 loco
1273 4154 1298 4206 in
1315 4155 1439 4224 Δσοοερίι.

292 4259 316 4307 p.
329 4243 379 4288 084
396 4241 472 4305 (104)
489 4238 561 4288 εἰισυί
578 4238 645 4290 ὀίετο
663 4238 780 4305 accipito.

361 4325 388 4375 P.
406 4327 456 4375 018
471 4325 573 4391 (1098).
607 4320 740 4390 διιλτής
816 4316 1317 4393 ὀνομασίαςτῆςοίγιαστείας]
1336 4325 1438 4378 Scribo:

291 4407 438 4476 ἀγιαστέας,
465 4410 522 4461 coll.
543 4419 629 4460 annot.
645 4410 669 4458 in
686 4410 717 4460 Τ.
731 4409 760 4459 ΙΙ.
776 4428 800 4476 ρ.
813 4413 862 4458 098
878 4409 961 4474 (180).
997 4408 1055 4458 Mox
1073 4417 1131 4459 ente
1147 4409 1234 4460 verbe:
1259 4405 1371 4464 α’νελλλολν
1388 4407 1438 4466 α’ττό

292 4494 335 4546 τοῦ
355 4491 483 4560 Ἰορδάνου
501 4505 549 4545 eet.
568 4493 653 4561 μέση,
678 4510 727 4543 non
744 4493 828 4562 τελείᾳ
845 4493 984 4559 distingne,
1007 4491 1128 4560 siquidem
1143 4494 1204 4546 hece
1220 4493 1252 4545 nd
1267 4513 1340 4564 rupta
1358 4496 1438 4548 dicte:

292 4577 371 4632 ίλθιύν
394 4577 435 4632 dni
455 4577 498 4632 τόν
520 4573 664 4644 Ἰορδάνην,
686 4579 835 4630 referuntur.
872 4577 939 4630 idem
957 4577 1022 4628 velet
1038 4576 1070 4628 de
1086 4577 1185 4646 gemino
1199 4579 1255 4632 loco
1270 4581 1295 4632 in
1313 4583 1438 4650 Aueceph.

292 4680 317 4728 p.
333 4667 383 4713 080
397 4665 480 4732 (104).
517 4663 610 4712 Deinde
626 4661 748 4731 ουναλιφή
767 4663 804 4714 ed.
817 4663 889 4714 hasil.
907 4673 933 4712 et
948 4663 1018 4714 oehl.
1034 4662 1100 4714 iunn
1117 4663 1188 4715 codd
1206 4683 1280 4744 τοοκ(
1301 4665 1437 4734 συναλοιφή

293 4749 402 4799 Pedanius
418 4759 501 4808 recte,
525 4759 600 4816 atque
618 4746 653 4797 ite
670 4751 780 4800 Oenierne
797 4749 822 4800 in
840 4754 915 4800 Anac.
932 4766 956 4816 p.
976 4751 1023 4797 080
1039 4749 1113 4814 (104)
1129 4765 1183 4802 cum
1201 4749 1256 4802 cod.
1274 4751 1325 4802 len.
1340 4761 1364 4802 et
1380 4751 1438 4804 edd.

293 4831 350 4883 vid.
365 4843 450 4884 ennon
467 4832 500 4885 nd
516 4835 546 4884 Τ.
556 4835 574 4883 Ι.
596 4848 622 4900 ρ.
635 4835 684 4884 104
702 4837 778 4900 (480)
796 4845 822 4886 et
837 4834 903 4886 inire
920 4831 953 4884 ed
971 4849 995 4902 p.
1007 4835 1056 4886 022
1072 4833 1173 4902 (1101).
