3650 5642
406 594 504 655 cxxi

405 758 547 815 Posideoue
562 776 655 833 parum
671 762 807 815 commode
823 764 938 817 murinae
953 762 1017 817 mihi
1027 762 1135 816 ridetur.
1168 762 1286 817 Primum
1300 762 1482 817 itobdromioni
1495 762 1570 831 Pya·

404 847 571 917 nepsionem,
587 864 641 901 non
651 847 896 903 hisemactoriouem
911 848 1042 917 sdiungit,
1059 848 1136 917 idque
1147 848 1323 917 compluribus
1332 848 1494 917 argumentis
1507 864 1573 917 per-

405 931 513 987 suadere
524 932 627 996 nititur;
638 946 704 1002 quae
717 933 817 998 omnis,
829 934 853 987 si
861 933 938 987 unius
945 933 1154 1003 Harpocratem
1162 933 1341 987 testimoninm
1348 934 1479 1003 ercip'me,
1488 934 1575 985 irrita

404 1022 465 1071 sunt
477 1022 503 1069 et
512 1017 608 1071 inania
632 1017 676 1071 Sic
687 1023 775 1071 antem
786 1019 967 1071 ratiocinatur:
983 1018 1162 1089 Pyanepeion,
1177 1023 1292 1072 utantur
1302 1023 1343 1072 est
1353 1018 1420 1071 Plnt.
1431 1018 1521 1071 'tract
1536 1018 1572 1071 de

404 1101 483 1167 laide,
494 1102 614 1171 congruit
624 1101 713 1173 Athyr,
725 1103 775 1157 hoc
786 1110 826 1156 eet
836 1102 984 1157 Novembri.
1003 1102 1133 1157 Posideon
1145 1110 1233 1157 autern
1244 1108 1286 1157 eat
1295 1103 1443 1167 laomim,
1454 1109 1484 1155 ut
1493 1102 1573 1155 Plut

404 1188 432 1240 in
444 1186 553 1239 Caesare
565 1188 667 1253 scribit,
685 1204 745 1241 cum
763 1204 864 1259 sempor
879 1194 939 1259 poet
949 1188 1071 1242 brumam
1080 1188 1196 1258 incipiat.
1218 1190 1304 1258 Atque
1314 1188 1384 1241 idem
1394 1188 1461 1243 Plut.
1472 1189 1503 1241 in
1516 1188 1574 1241 De-

404 1271 500 1327 mosth
513 1278 565 1325 tres
574 1273 638 1327 istos
646 1290 751 1327 menses
763 1274 911 1337 continuat,
922 1273 1152 1343 Metagitniouem,
1163 1272 1394 1336 Bnbdramicuem,
1405 1273 1575 1343 Pyanepaio·

403 1374 472 1410 nem.
496 1356 563 1413 (ium
570 1358 651 1428 igitur
662 1364 688 1412 et
695 1358 861 1429 Pyanepsion
872 1358 907 1411 sit
916 1357 1062 1413 November
1071 1364 1099 1411 et
1106 1358 1235 1413 Posideou
1242 1358 1388 1421 lanuarius,
1399 1358 1487 1412 nullus
1494 1360 1574 1412 alius

403 1442 540 1497 Decembri
552 1458 694 1513 congruere
705 1450 792 1513 potest
806 1448 907 1513 praeter
922 1445 1177 1499 Maemacterionem.
1211 1444 1253 1497 Ad
1267 1442 1332 1497 haec
1346 1443 1476 1497 Diodorus
1491 1444 1513 1497 i
1529 1462 1575 1499 ιιι.

403 1528 539 1581 continuat
550 1528 597 1583 hos
610 1529 674 1583 duos
685 1546 790 1583 menses
802 1530 1047 1583 hlasmacterionem
1058 1534 1085 1582 et
1094 1529 1273 1583 Posideonena

471 1612 523 1667 Sed
534 1614 663 1667 eiusmodi
673 1620 714 1667 eat
725 1614 790 1667 ratio
802 1614 943 1683 Scaligeri,
954 1619 985 1668 ut
994 1614 1028 1667 ad
1039 1616 1196 1669 contrariam
1207 1614 1294 1669 (ianae
1304 1615 1462 1667 senteutiam
1473 1630 1575 1685 antro·

404 1698 516 1752 bundam
528 1700 611 1769 aph'or
622 1700 766 1769 excogitari
776 1700 848 1753 nnlla
858 1700 951 1769 possit
980 1698 1048 1753 Nem
1058 1700 1081 1753 si
1091 1699 1255 1769 Pyanepsion
1266 1698 1407 1754 Novembri
1415 1700 1575 1769 respondet,

404 1784 614 1837 Hecatombascn
630 1790 718 1837 autem
735 1784 814 1848 lulio,
836 1790 864 1837 nt
879 1784 964 1839 sidem
980 1784 1114 1854 &ungero
1130 1786 1227 1855 placet,
1244 1786 1418 1853 ltetagitniou
1433 1785 1573 1853 Augusto,

403 1868 578 1923 Boddromion
589 1868 750 1939 Septembri,
767 1870 825 1939 quis
838 1868 977 1923 Octobrem
994 1870 1061 1923 alius
1072 1875 1173 1939 praeter
1184 1870 1429 1925 Maemactcrionm
1444 1870 1497 1923 sihi
1509 1872 1574 1923 vin-

404 1954 516 2007 dicabit?
538 1953 653 2007 Pessime
664 1954 751 2023 itaque
763 1962 881 2025 quartam
893 1956 934 2009 illi
943 1955 1033 2009 sedem
1043 1955 1174 2019 attribuit,
1191 1971 1223 2008 ac
1237 1958 1287 2007 τῶν
1304 1950 1433 2023 inoperire
1450 1956 1573 2024 primum

403 2038 477 2103 iacit,
494 2039 519 2090 ei
529 2037 669 2091 Nouembri
685 2040 813 2107 congruit.
836 2040 906 2095 Sane
917 2040 1125 2110 Pyanepeionem
1136 2040 1257 2109 quintum
1268 2040 1447 2109 potiusquam
1459 2058 1495 2093 rr.
1506 2057 1575 2093 aeae

404 2123 593 2179 numerandum
605 2136 639 2177 er
650 2139 681 2177 eo
693 2124 833 2193 colligitur,
845 2126 916 2196 qnod
926 2125 1005 2179 hmmi
1016 2105 1120 2196 qudque
1131 2125 1267 2179 tribuatur.
1284 2124 1352 2179 Nam
1360 2123 1574 2195 Thesmophoria

403 2201 583 2279 Pyanepsions
593 2224 683 2263 mense
694 2208 805 2273 fiebant,
817 2216 847 2263 ut
857 2211 924 2265 Plnt
933 2212 962 2265 in
970 2209 1104 2265 Demosth.
1115 2210 1255 2280 significat.
1272 2208 1478 2281 Thesmophoria
1488 2228 1573 2280 porro

403 2293 431 2347 in
442 2292 554 2347 hiemem
570 2295 700 2349 incurrere
714 2298 823 2349 testatur
835 2294 1021 2365 Aristophanes
1032 2294 1295 2366 Θεηιοροριαζοίααις.
1317 2295 1393 2366 Apud
1404 2312 1485 2365 quem
1495 2298 1572 2366 Aga·

403 2376 490 2433 thonis
502 2396 592 2435 servus
604 2380 635 2434 de
647 2378 910 2450 Thesmophoricrnm
921 2386 1037 2451 temporo
1048 2381 1088 2434 sio
1097 2381 1224 2450 loquitur:

705 2496 739 2507 -
755 2496 790 2507 -
806 2494 839 2505 -
856 2496 890 2507 -
907 2465 981 2527 οὗτος
993 2462 1122 2536 stipitem
1132 2464 1200 2535 τὰχα

706 2551 752 2602 llal
764 2549 811 2620 γὰρ
823 2551 962 2621 μελοποιεῖν
974 2548 1088 2621 ἄρχεται,
1100 2554 1222 2621 χειμῶνος
1234 2545 1276 2601 οὖν

706 2632 796 2696 Ὂντος
809 2633 989 2707 κατακάμπτειν
1000 2632 1043 2697 τὰς
1054 2635 1161 2707 στροφὰς
1173 2635 1203 2688 ob
1215 2634 1299 2706 ῥᾴδιον

706 2719 755 2773 Ἦν
768 2720 801 2791 μὴ
814 2718 886 2792 προίη
900 2722 987 2792 θύραζε
999 2720 1060 2791 προς
1072 2720 1114 2772 τὀν
1126 2720 1205 2787 ἥλιον.

471 2805 605 2859 Accedunt
620 2806 734 2864 rationes
752 2808 830 2871 aliae,
848 2824 915 2877 quas
932 2804 1097 2859 aTheodoro
1112 2806 1259 2877 propositas
1275 2805 1393 2877 Scaliger
1409 2805 1567 2861 dissimulat

404 2889 438 2943 Ut
449 2891 517 2944 inter
528 2892 592 2956 alia,
608 2893 676 2962 qnod
689 2893 766 2945 Arist
783 2892 801 2943 l.
813 2910 847 2944 vr.
864 2892 895 2945 de
906 2892 973 2945 Eiet
982 2892 1068 2946 Anim.
1085 2908 1109 2946 c.
1118 2910 1193 2945 mr.
1209 2892 1393 2947 Bobdromioni
1407 2892 1574 2946 Maemaote·

404 2976 503 3029 monem
514 2976 660 3047 subiungit,
672 2977 719 3031 ubi
729 2977 761 3029 de
773 2992 907 3030 ceruorum
919 2977 986 3030 initu
996 2977 1124 3047 loquitnrr
1135 2975 1152 3043 ἡ
1164 2976 1191 3029 st
1203 2972 1273 3047 ὀχεία
1284 2976 1375 3047 γίνεται
1383 2975 1436 3046 μετ’
1446 2975 1572 3047 Ἀρκτοῦ-

404 3080 446 3131 ρον
459 3061 512 3132 περὶ
524 3060 566 3114 τὀν
579 3062 756 3135 Βοηδρομιῶνα
772 3062 811 3114 καί
824 3062 1040 3132 Μαιμακτηριῶνα
1073 3061 1124 3126 Qui
1138 3063 1210 3115 locus
1227 3062 1359 3131 Scaligerc
1375 3063 1511 3117 minutium
1528 3065 1572 3117 in·

404 3148 471 3214 dicit,
481 3154 508 3201 et
517 3148 602 3203 Gazae
611 3149 761 3220 opinionem
770 3148 871 3203 astruit.
885 3148 943 3201 Duo
953 3148 1024 3202 enim
1032 3165 1066 3202 er
1075 3148 1107 3201 iis
1116 3149 1201 3201 serbis
1209 3153 1279 3201 recte
1287 3147 1424 3202 concludit.
1436 3148 1572 3215 marum,

403 3236 647 3289 Mscmscterionem
656 3236 734 3305 paulo
744 3240 803 3306 post
812 3234 915 3289 Arcturi
926 3239 1013 3288 ortum
1023 3234 1147 3304 incipere,
1159 3234 1258 3303 alioqui
1264 3233 1362 3286 frustm
1369 3233 1573 3288 Maemacterio·

404 3338 465 3375 uem
484 3320 669 3375 Boidrcmioni
687 3321 832 3375 subiiceret,
871 3322 997 3373 Arcturus
1014 3326 1102 3372 autem
1119 3319 1188 3371 circa
1203 3320 1355 3373 autumnale
1371 3319 1572 3389 aequinoctium

404 3407 493 3459 oritur.
516 3406 584 3460 Nem
595 3405 788 3476 Theophrastus
801 3404 917 3476 κορωνίσιν
928 3403 1020 3458 llorere
1032 3404 1095 3457 dicit
1105 3403 1159 3474 rapi
1167 3401 1317 3474 Ἀρκτοῦρον
1331 3420 1359 3457 τι
1373 3403 1413 3455 καὶ
1431 3401 1572 3475 ἰσημερίαν.

406 3490 521 3544 Galenus
533 3493 646 3561 insuper,
663 3486 713 3542 ἔστι
726 3489 783 3560 μὲν,
799 3490 897 3559 inquit,
915 3486 1066 3558 ὡραιότατον
1082 3492 1125 3555 τῆς
1141 3486 1227 3555 ἐλάτης
1243 3488 1272 3540 rb
1284 3489 1382 3559 σπέρμα
1393 3488 1447 3559 περὶ
1458 3489 1502 3541 τὀν
1515 3490 1573 3543 ἐπι-

404 3574 479 3642 τολὴν
496 3580 541 3627 τοῦ
555 3574 718 3645 Ἀρκτούρου,
737 3572 798 3635 ὃςτις
816 3571 899 3643 καιρος
917 3572 941 3625 ἐν
958 3571 1044 3643 Ῥώμη
1063 3570 1077 3624 d
1095 3572 1245 3644 καλούμενος
1262 3572 1307 3644 μὲν
1324 3572 1489 3644 Στιττέμβριός
1507 3572 1571 3627 ἔστι.

405 3658 488 3723 Quare
505 3660 636 3713 modicum
654 3674 671 3711 a
687 3659 834 3729 Septembri
854 3658 950 3711 distare
970 3659 1215 3713 Maemacterionem
1231 3675 1339 3713 necesse
1355 3666 1402 3714 eet.
1438 3659 1572 3725 Alterum,

404 3745 474 3815 quod
487 3744 558 3799 Gara
575 3744 688 3813 colligit,
705 3750 758 3809 est,
775 3744 1020 3799 Maemaotericnem
1036 3744 1222 3797 Boedromioni
1237 3746 1388 3815 proximum
1404 3760 1470 3797 esee.
1498 3745 1572 3801 Nam

405 3832 507 3901 quoties
519 3830 583 3883 duos
595 3846 698 3883 meuses
710 3830 748 3883 ita
759 3830 874 3899 copulat,
891 3835 922 3883 ut
936 3830 1033 3899 aliquid
1048 3831 1202 3900 praesertim
1217 3831 1285 3885 circa
1298 3837 1401 3901 ternpus
1412 3836 1514 3884 certum
1526 3849 1572 3885 ac·

405 3916 489 3969 cidere
500 3916 552 3969 illis
565 3915 698 3969 mensibus
710 3914 790 3980 dicat,
807 3909 946 3969 continuos
959 3932 1017 3968 esse
1028 3915 1265 3971 nemoascendit
1299 3915 1340 3972 Ita
1356 3932 1416 3969 cam
1432 3915 1464 3968 de
1480 3916 1571 3971 bobus

405 4000 472 4071 agit:
493 3996 609 4071 ἄρχονται
629 4003 671 4067 τῆς
689 3995 770 4071 ὀχείας
787 3998 811 4052 αἱ
829 3998 886 4069 βοῦς
904 3999 959 4071 περὶ
976 3998 1019 4053 τὸν
1037 4000 1201 4071 Θαργηλιῶνα
1218 4004 1283 4071 μῆνα
1299 4000 1340 4053 καί
1357 3998 1571 4071 Σκιρροφοριῶνα,

405 4088 488 4145 Multo
500 4086 599 4155 magis,
611 4102 671 4139 cum
682 4092 817 4157 praeterea
828 4091 929 4139 certum
939 4091 1042 4156 tempus
1058 4093 1086 4139 et
1100 4085 1233 4139 cardinem
1245 4086 1376 4155 adiungit,
1393 4091 1423 4139 ut
1438 4085 1493 4155 περὶ
1509 4104 1571 4155 τρο-

406 4172 452 4234 πὰς
468 4177 494 4226 et
509 4170 563 4241 sepi
579 4168 622 4221 τοι
634 4168 790 4241 Ἀρκτοῦρον.
813 4170 881 4225 'lum
892 4171 963 4224 enim
975 4174 1099 4242 προςεχίὶς
1111 4170 1150 4223 illi
1161 4186 1264 4225 menses
1275 4170 1388 4224 habendi
1398 4176 1469 4224 snut.
1488 4171 1571 4227 Prae·

405 4266 476 4313 teres
492 4258 510 4311 1.
519 4274 554 4311 vr.
572 4272 594 4309 ο.
604 4273 651 4311 rrr.
668 4258 757 4311 scribit
771 4257 839 4309 idem
851 4256 1003 4309 Aristoteles
1020 4256 1190 4311 imbecilliora
1206 4272 1325 4326 quaeque
1339 4262 1395 4309 tam
1411 4256 1438 4309 in
1453 4257 1571 4326 piscium

406 4360 485 4415 qnam
499 4344 528 4396 in
542 4341 630 4395 avium
645 4356 741 4410 genere
756 4347 892 4412 appetente
908 4340 1007 4413 frigore
1017 4342 1089 4411 priua
1101 4343 1128 4395 in
1139 4341 1316 4395 commodiora
1326 4342 1384 4395 loca
1394 4341 1520 4411 migrare,
1539 4350 1572 4397 ut

405 4429 550 4483 coturnices
561 4432 621 4481 ante
634 4442 713 4497 quam
724 4442 809 4497 grues.
834 4426 871 4479 Τὰ
883 4425 926 4497 μὲν
938 4426 986 4497 γὰρ
998 4424 1145 4496 μεταβάλλει
1156 4430 1200 4478 τοῦ
1212 4426 1413 4497 Βοηδρομιῶνος,
1431 4424 1462 4479 τὰ
1478 4425 1505 4477 ht
1521 4434 1570 4481 τοῦ

404 4514 634 4583 Μαιμακτηριῶνος.
667 4514 702 4565 At
712 4528 773 4565 vero
790 4528 869 4583 grues
886 4528 976 4565 mense
992 4513 1112 4581 proximo
1130 4512 1164 4565 ab
1180 4528 1211 4565 eo
1229 4528 1281 4581 quo
1298 4512 1443 4565 coturnices
1460 4513 1571 4567 avolant

406 4599 520 4668 migrare
536 4598 672 4651 ceruimus.
695 4596 742 4650 list
757 4598 837 4667 igitur
851 4598 1056 4651 hisemacterion
1066 4596 1250 4662 Boedromioni
1264 4598 1408 4667 proximus.
1430 4596 1570 4653 Postremo

405 4682 475 4737 idem
484 4684 635 4737 Aristotelea
646 4684 664 4738 l.
674 4700 709 4737 νι.
722 4698 744 4735 c.
753 4700 789 4737 rr.
801 4683 892 4737 scribit
900 4683 969 4738 inter
977 4682 1095 4750 γαλεούς,
1106 4699 1173 4752 qnos
1184 4682 1310 4746 mustelas
1323 4683 1395 4737 Gaea
1404 4687 1494 4746 vocat,
1504 4698 1570 4739 eum

406 4767 452 4839 qni
464 4764 573 4839 ἀστερίας
590 4768 689 4833 dicitur,
706 4762 823 4837 ἆρχισθαι
839 4762 968 4837 ὀχεύεσθαι
980 4767 1200 4837 Μαιμακτηρῶνος
1211 4770 1295 4838 μηνός.
1319 4768 1394 4831 Quod
1405 4768 1495 4821 statim
1505 4776 1570 4837 pest

407 4853 600 4924 aequinoctium
611 4854 762 4925 contingere
772 4852 916 4923 piscatores
927 4859 1065 4911 beantur.
1088 4853 1145 4909 lam
1156 4853 1227 4924 qnod
1237 4853 1271 4909 ad
1280 4852 1446 4907 Ploterchom
1456 4860 1568 4923 spectat,
