3650 5642
1271 628 1380 687 onxlx

233 786 999 857 maenarumeeeteeieameperfiaamaeqotmeaea.
1023 784 1380 855 Teaaerore'tepaeedoper·

234 876 324 940 aiter,-
338 878 404 941 qeeia
418 875 621 935 rerurrectionis,
637 890 701 941 quoe
717 873 827 925 dileaaia
833 874 915 939 sacta
929 881 978 933 eet,
990 874 1138 940 praecipua
1149 880 1285 939 parspere
1296 874 1380 939 aequi-

233 958 490 1009 mcdeaoetedroter.
508 956 576 1011 liaeo
584 956 638 1009 iere
646 956 717 1010 Beda
728 956 772 1011 lib.
782 956 813 1009 de
822 956 932 1025 Aequiu.
950 954 1380 1019 QuiaioAnatolirerbadeelaratz

233 1042 290 1095 ilum
298 1042 349 1095 due
357 1042 582 1112 sintaequinootio
591 1042 707 1095 attributi
716 1042 783 1107 dise,
792 1040 942 1095 Anatolium
950 1028 1224 1111 deportarioreloqui;
1234 1040 1263 1093 iu
1271 1056 1323 1110 quo
1331 1040 1381 1093 eoi·

233 1126 283 1179 lieet
291 1130 367 1181 noete
375 1126 434 1191 illa,
445 1142 511 1196 quae
521 1142 574 1181 ur.
583 1126 671 1181 Martii
683 1126 752 1181 diem
763 1127 888 1196 aequitio,
900 1125 1093 1196 aequinoctium
1103 1126 1239 1196 oondngit
1256 1124 1312 1179 Imo
1320 1141 1381 1180 vero

234 1212 412 1283 dereepertino
420 1212 583 1282 potissimum
592 1211 754 1281 aequinoctio
763 1211 894 1283 intelligit,
904 1210 974 1281 qued
979 1210 1115 1287 Anatolius
1123 1210 1193 1265 dieat
1199 1210 1382 1265 celebrandum

234 1294 320 1365 peeeha
330 1296 438 1367 qnando
450 1298 510 1351 leue
521 1296 572 1351 soli
582 1296 702 1367 apposita
713 1312 727 1349 e
738 1297 845 1367 regione
856 1294 1061 1367 deprehenditur,
1077 1295 1116 1349 sio
1131 1302 1162 1349 ut
1170 1296 1284 1350 ramalia
1294 1297 1382 1367 aequi·

235 1382 303 1435 noctii
313 1388 417 1452 partam
428 1382 467 1435 sol
479 1382 604 1446 obtineat,
622 1382 685 1435 lunt
695 1398 756 1435 rere
768 1381 934 1435 autumnalia.
959 1380 1029 1441 Quia
1039 1399 1099 1448 erqo
1103 1419 1111 1445 ,
1122 1381 1219 1451 iuquit,
1230 1384 1382 1447 aeiraadeae,

234 1470 285 1517 iiia
296 1484 331 1520 nr.
339 1466 406 1522 Kal.
416 1472 553 1537 oequiaoet.
559 1469 622 1537 fieri
633 1468 716 1529 client,
729 1484 785 1519 oum
797 1468 827 1519 de
838 1468 886 1519 illa
898 1467 967 1535 loqui
976 1484 1003 1519 ee
1015 1465 1080 1519 doro
1091 1467 1218 1530 declaret,
1228 1469 1329 1537 qeoado
1340 1486 1381 1521 oo·

235 1554 321 1605 rideam
331 1554 371 1607 ad
380 1570 511 1623 aeeperoea
521 1554 574 1606 eale
584 1554 645 1605 luna
657 1570 671 1605 e
682 1554 812 1605 ooaaare'o
824 1570 893 1605 ιναιιι
907 1552 1001 1605 attollit
1015 1554 1144 1605 eaortuni
1176 1550 1266 1622 Pergit
1281 1552 1382 1617 deinde,

234 1645 254 1687 et
267 1637 332 1706 quod
342 1638 481 1691 Anatolius
498 1638 646 1709 scripserat,
663 1642 690 1691 ιἰι
706 1654 742 1691 αι.
752 1636 780 1689 K
780 1638 814 1689 al.
824 1637 892 1707 Ape.
903 1638 980 1691 soree
996 1654 1045 1689 ιιοιι
1056 1645 1152 1689 maten
1158 1640 1272 1706 pniaaae
1278 1648 1382 1707 paneae

235 1728 270 1773 rai
281 1722 495 1793 δοιδαιατημορῑια
507 1725 690 1785 ooaerendieee,
702 1740 787 1775 aeram
798 1726 875 1775 etiam
886 1724 1014 1791 quadrare
1024 1726 1077 1775 iasa
1088 1726 1116 1773 ιἰι
1126 1723 1214 1775 eadere
1226 1724 1268 1775 die
1278 1722 1381 1787 dedere,

235 1808 264 1857 sio
279 1808 397 1877 exponit:
420 1808 487 1871 Quin
502 1812 595 1877 ρνοιδαι
612 1808 797 1876 aequinoctiale
814 1816 908 1877 tempas
923 1810 998 1859 iaxta
1013 1810 1137 1861 ratonem
1144 1810 1296 1877 praefatam
1306 1810 1335 1859 νἰι
1345 1824 1382 1863 nn

236 1890 287 1942 liei.
297 1894 402 1956 incidit,
415 1896 486 1945 totiee
496 1898 523 1944 ιἰι
534 1897 589 1963 ι’ριο
601 1896 718 1961 temporie
728 1902 847 1946 moerente
857 1893 906 1943 illa
917 1900 1011 1959 quarta
1018 1908 1087 1961 pore
1098 1894 1163 1955 diei,
1175 1908 1240 1960 qaae
1251 1895 1382 1945 amatia

236 1994 371 2030 accrescere
388 1978 462 2041 solet,
479 1979 610 2030 αααιιιιιὶιιιιι
628 1986 748 2029 maurone
759 1981 879 2047 perfeeto
895 1994 949 2029 esee
964 1978 1130 2045 dipaaeae'tur.
1163 1975 1249 2040 Qutre
1264 1976 1305 2031 sol
1321 1992 1382 2031 etun

236 2062 415 2131 eequinoatmm
428 2062 527 2133 attigit,
538 2063 591 2116 iarn
601 2062 653 2115 diei
664 2062 834 2132 quadrantem
846 2062 966 2116 absolrit.
990 2060 1070 2125 Quasi
1080 2062 1161 2127 dieat,
1173 2062 1382 2132 abaequinoctio

238 2162 278 2198 nno
288 2163 364 2201 reruo
382 2148 415 2201 ad
432 2148 551 2212 alterum,
568 2146 623 2201 dies
639 2147 801 2201 inareedunr
815 2146 893 2201 solidi
905 2162 1033 2211 acaum,
1050 2154 1077 2200 et
1091 2146 1171 2200 horae
1181 2166 1217 2203 ιι.
1239 2148 1336 2201 Verum
1352 2152 1383 2201 at

238 2238 349 2299 quantum
360 2232 396 2286 ab
405 2232 518 2287 Anatolii
529 2249 607 2287 seusu
616 2230 739 2287 deerrarit
748 2232 893 2303 intelligas,
904 2232 1018 2302 insignis
1026 2232 1139 2302 primum
1146 2231 1273 2287 illelooue
1282 2233 1381 2287 anobis

238 2317 403 2386 explanandus
415 2324 463 2372 eet.

292 2402 387 2459 Genast
402 2404 482 2474 igitur
498 2404 633 2457 Anatolius
650 2420 766 2457 mensem
786 2402 899 2473 primum
919 2403 982 2457 anui
1001 2403 1079 2474 primi
1097 2404 1178 2457 totius
1197 2404 1266 2474 eyoli
1281 2405 1381 2459 deeem·

237 2490 376 2543 novennalis
388 2488 517 2559 νουμηνίαν
529 2488 622 2543 habere
634 2490 661 2543 in
678 2506 749 2543 τινι.
760 2487 936 2553 Phamenoth,
952 2489 1007 2542 sive
1022 2489 1111 2543 Martii
1122 2507 1201 2554 xxm,
1216 2491 1259 2543 rel
1274 2508 1311 2545 τι.
1322 2490 1380 2546 Kal,

239 2574 299 2641 ipa,
313 2591 365 2645 qua
382 2574 423 2627 die
440 2575 479 2628 sol
493 2574 605 2645 primum
616 2574 715 2628 zodiaci
726 2578 890 2645 segmentum
901 2575 1035 2645 pereurrit
1069 2573 1144 2638 Quod
1155 2582 1320 2646 segmentum
1330 2577 1381 2647 pri·

238 2672 297 2709 reum
307 2659 534 2729 δωδεκατημόριον,
546 2664 572 2713 et
584 2657 731 2731 ἰαημιρινδν,
744 2664 770 2713 et
779 2658 938 2730 principium
947 2660 1078 2713 meusium
1093 2660 1210 2731 adeoque
1225 2662 1292 2731 opali
1300 2662 1381 2716 totiua

240 2744 348 2812 eppellat,
365 2751 395 2799 et
409 2740 493 2815 ἄριαιν
505 2748 547 2797 τοῦ
559 2747 608 2797 τῶν
620 2742 751 2809 πλανητῶν
768 2744 877 2815 δρόμου,
894 2744 945 2798 Ιιοο
962 2750 1004 2798 eat
1017 2746 1088 2799 uelut
1103 2762 1220 2800 oeroerea
1235 2764 1270 2800 ex
1287 2748 1382 2817 quibus

239 2828 383 2884 emittuntur.
406 2828 473 2884 Nem
486 2832 660 2883 absolutionem
671 2828 793 2883 liuifinns
805 2847 858 2883 non
869 2836 939 2884 reeta
949 2831 1132 2901 interpretatus
1147 2836 1199 2896 eet3
1214 2832 1267 2885 uisi
1281 2832 1382 2886 abeolrl

240 2912 311 2967 stelles
321 2916 357 2970 eit
366 2914 437 2969 idam
449 2916 516 2986 quod
527 2916 617 2970 emitti.
643 2914 797 2985 Quanquam
809 2915 907 2987 epoohe
917 2916 975 2981 illa,
990 2916 1046 2969 sire
1056 2921 1183 2987 punctum
1193 2918 1382 2987 eequinoeriele

241 2994 294 3051 idem
304 3001 436 3071 sequentis
448 3016 537 3055 eumne
548 3001 716 3065 tuitionem,
732 3006 758 3053 et
773 3001 949 3057 antecedentis
965 3002 1099 3055 terminus.
1132 3000 1206 3057 Unde
1217 3002 1382 3057 uehementer

241 3096 275 3133 ιιι
288 3082 438 3139 heduemari
453 3085 527 3141 doeet
543 3088 587 3155 qui
602 3087 629 3139 in
646 3086 774 3140 anteriore
790 3092 974 3157 postremoque
985 3092 1122 3155 segmento
1132 3104 1250 3141 mensem
1260 3090 1382 3159 primum,

241 3174 313 3221 etrrr.
321 3169 470 3240 paschalem
479 3172 645 3225 eousdtuuut
664 3170 763 3225 Graeca
772 3172 842 3225 euim
851 3171 884 3223 ad
892 3170 962 3225 huno
973 3188 1081 3225 sensum
1092 3173 1313 3227 accommodanda
1324 3190 1382 3228 esse

240 3254 304 3306 aries
315 3256 372 3327 ipra
384 3256 507 3310 orationis
519 3256 626 3309 indicet:
639 3255 677 3308 διδ
689 3256 729 3308 aal
738 3256 794 3317 τοὺς
807 3253 831 3308 iv
844 3254 912 3327 αὐτῷ
924 3254 1060 3325 τιθεμένους
1069 3254 1111 3309 ede
1120 3259 1219 3327 πρῶτον
1231 3260 1302 3326 μῆνα.
1320 3258 1382 3313 Ριο·

241 3350 319 3393 teman
334 3340 405 3410 αὐτῷ
423 3341 455 3395 ad
472 3340 608 3393 ταλιυταιῖον
626 3342 847 3411 δωδεκατημόριον,
865 3346 891 3393 et
908 3339 978 3401 τέλος
995 3344 1038 3408 τῆς
1053 3344 1102 3393 τῶν
1119 3340 1250 3406 πλανητῶν
1267 3344 1382 3414 aspediae

241 3424 341 3487 pertinet
377 3425 432 3481 Neo
443 3431 510 3481 reete
523 3426 627 3497 quidam
639 3426 778 3481 emendant
790 3424 837 3497 πρδ
850 3424 937 3481 αὐτοῦ.
969 3426 1038 3479 Nem
1053 3426 1086 3479 de
1098 3431 1231 3497 postremo
1246 3434 1382 3497 segmento

242 3506 343 3577 loquitur.
378 3510 468 3581 Pergit
478 3510 580 3565 deinde:
600 3511 640 3564 aei
652 3510 694 3579 τὴν
707 3508 737 3564 ιδ’
751 3515 794 3563 τοῦ
806 3508 892 3582 πάσχα
903 3509 959 3563 aar'
971 3510 1046 3578 αὐτὴν
1058 3510 1227 3582 λαμβάνοντας
1238 3510 1268 3564 od
1281 3516 1382 3585 μιαρῶς,

242 3588 283 3643 οὐδ’
292 3591 324 3655 ὡς
335 3592 420 3667 luipo
431 3594 573 3667 ἁμαρτάνειν
591 3596 676 3668 φαμέν.
711 3596 760 3651 Ριο
778 3595 832 3649 κατ’
844 3594 920 3663 αὐτὴν
935 3598 1043 3651 omniuo
1055 3595 1110 3649 κατ’
1122 3596 1183 3651 adri
1193 3598 1333 3668 legendnm
1344 3601 1383 3655 ai·

242 3674 309 3735 firmo.
331 3680 402 3737 Nihil
412 3682 483 3735 enim
493 3688 533 3735 eet
544 3698 595 3752 quo
607 3682 742 3737 commode
752 3698 896 3753 pronomen
906 3682 972 3735 illud
982 3682 1116 3737 referetur.
1138 3684 1174 3737 At
1183 3685 1383 3754 proximadixe·

242 3770 280 3827 nt,
291 3766 342 3827 rote
353 3764 378 3819 ie
391 3765 460 3837 αὐτῷ
472 3764 619 3837 τιδιμινονς,
630 3768 750 3823 videlieet
760 3766 891 3837 τιλινταίῳ
903 3770 1021 3838 τμήματι.
1039 3766 1114 3833 Quod
1125 3769 1219 3840 siquis
1230 3770 1264 3824 ad
1275 3787 1308 3825 ea
1315 3788 1383 3842 quea

243 3850 362 3905 remotiora
372 3856 448 3915 eunt,
458 3858 522 3923 puta
531 3854 613 3922 μηνῶν
623 3850 708 3923 ἀρχὴν,
721 3852 873 3923 atrupaldi,
886 3860 912 3907 et
924 3850 1008 3923 ἄριοιν
1018 3856 1146 3925 pertinere
1157 3855 1309 3922 contendat,
1320 3874 1381 3911 eou-

242 3933 330 3989 tradam
345 3936 451 4007 quidam
467 3936 523 3991 eiua
542 3936 610 4009 qnod
627 3953 773 4007 pugnamus
791 3938 910 4008 quodque
923 3939 1073 3993 Anatolium
1089 3940 1202 3993 sensisse
1213 3941 1334 3997 volumus
1346 3958 1380 3996 ex

242 4030 264 4065 ee
282 4020 394 4075 oratione
411 4028 538 4091 aequetur.
572 4022 699 4076 Nimirum
716 4038 769 4077 non
785 4022 862 4077 licere
878 4042 933 4079 riv.
948 4023 1098 4095 paschalem
1112 4025 1196 4093 primo
1210 4026 1256 4079 illo
1271 4028 1312 4081 die
1328 4044 1379 4096 quo

242 4104 416 4171 ηιὶιααδιιια
427 4106 569 4171 conficitur,
581 4107 626 4161 sed
637 4108 664 4161 iu
676 4108 803 4177 superiori
813 4114 938 4163 tmsmete
949 4110 1074 4177 defigere,
1085 4108 1195 4178 ideoque
1205 4110 1304 4180 paseha
1314 4128 1379 4165 rasi.

242 4184 272 4241 tie
281 4189 401 4245 celebrari
411 4206 497 4261 posse.
520 4190 549 4245 Si
565 4192 634 4245 enim
650 4192 724 4247 neiae
740 4198 780 4245 eet
791 4190 845 4245 κατ’
858 4192 933 4259 αὐτὴν
945 4191 988 4258 τὴν
999 4190 1091 4262 ημίραν
1103 4195 1260 4263 aequinoctii
1270 4214 1323 4251 ιιι.
1334 4211 1379 4265 pe-

243 4268 340 4328 eidem
355 4292 466 4346 ponere,
482 4277 542 4331 lieet
558 4277 637 4347 igitur
654 4278 772 4347 proximo
786 4282 845 4333 ente
861 4279 933 4333 illam
951 4276 1006 4339 die,
1023 4282 1054 4330 ut
1069 4277 1187 4333 citimum
1202 4278 1301 4351 paseha
1315 4296 1381 4336 xxm.
1407 4302 1428 4343 ρ.
1438 4294 1481 4334 ιιι.

243 4352 312 4411 tam
323 4361 502 4425 eomtitueter,
513 4362 582 4432 quod
593 4368 620 4416 et
627 4367 717 4417 r'erum
728 4368 767 4417 est
778 4368 838 4434 post
848 4362 955 4417 Nicaeni
963 4362 1068 4415 ennodii
1078 4368 1196 4434 tempora
1203 4365 1302 4417 licitum
1314 4380 1380 4419 esee.

244 4436 320 4497 lerum
330 4444 379 4499 hoo
388 4446 536 4501 Anatolium
548 4448 723 4513 existimasse,
736 4454 781 4503 aut
791 4448 824 4503 ed
836 4465 894 4503 eam
906 4452 1020 4501 menam
1030 4448 1099 4503 illius
1109 4449 1199 4504 reterri
1206 4448 1285 4503 rerba
1295 4464 1381 4518 posse,

244 4522 322 4582 idrero
333 4536 483 4585 eauetanter
494 4548 570 4603 nego.
593 4534 723 4603 Imprimis
734 4534 804 4589 enim
815 4534 955 4589 absurdum
968 4538 1020 4597 est,
1035 4528 1178 4603 pronomen
1190 4532 1265 4599 αὐτὴν
1276 4548 1337 4587 oum
1347 4535 1380 4589 iia

244 4612 381 4685 tttltngere
393 4628 459 4687 quae
471 4624 543 4673 tanto
555 4623 616 4673 ante
628 4620 750 4673 orationis
762 4620 897 4673 intervallo
907 4618 994 4689 posita
1006 4624 1076 4673 sunt.
1111 4618 1210 4673 Deinde
1223 4616 1318 4672 refellit
1333 4637 1379 4675 eae

245 4692 371 4767 διτιοίἰαι,
388 4703 434 4773 qni
450 4708 515 4757 anta,
527 4706 639 4775 primam
655 4708 819 4776 segmentum
835 4709 862 4759 et
878 4703 1035 4773 aequinoctii
1050 4704 1118 4759 διὀιιι
1132 4704 1246 4774 primum
1261 4720 1379 4762 menum

245 4780 400 4853 metretum
416 4788 485 4859 quod
501 4806 555 4845 non
569 4790 682 4845 iacerent
698 4790 721 4843 si
736 4806 789 4843 xre.
801 4788 948 4859 paeelrulem
964 4788 1064 4860 inipso
1080 4788 1261 4859 aequinoctiali
1276 4788 1316 4845 die
1327 4792 1379 4845 eol·

246 4860 350 4937 lomina
365 4870 414 4927 δοο
431 4875 502 4929 enim
518 4875 594 4945 primi
608 4868 705 4931 mamis
716 4874 819 4929 initium
830 4882 877 4929 est.
912 4872 952 4927 Ad
962 4870 1026 4931 haee
1037 4890 1104 4946 quae
1115 4890 1150 4929 er
1159 4873 1314 4931 ludaeorum
1324 4876 1379 4947 pla·
