3650 5642
435 623 578 683 (lemn

434 783 468 836 de
478 782 549 836 omni
559 782 638 835 etism
648 779 802 850 antiquitate
812 776 955 833 ethistorie
962 779 1029 834 bene
1039 775 1155 831 merendi
1165 775 1342 848 opportunitas
1351 775 1404 830 hoe
1414 777 1442 830 in
1449 777 1507 830 loeo
1517 789 1574 846 prse-

433 867 517 930 beter,
527 867 573 919 nbi
584 865 615 918 de
624 865 761 932 Ancprsne
771 879 802 917 sc
811 863 947 917 Sirmiensi
955 862 1170 934 pseudosynodis,
1182 862 1291 932 aliisque
1299 859 1522 916 eennsnmornn
1529 877 1576 914 ess

434 952 569 1006 muriculis
578 950 673 1020 egitur.
696 949 812 1013 Quorum
828 957 889 1002 acts
902 955 929 1002 et
939 955 1056 1018 tempore
1067 948 1105 1000 sic
1116 947 1186 1018 eprd
1197 953 1296 1000 reterns
1306 946 1414 1018 perinde
1426 961 1458 1000 ec
1468 947 1578 1000 recentis·

433 1051 475 1090 res
492 1036 603 1090 confuse
616 1033 817 1105 perturbataque
831 1040 904 1098 suut,
920 1033 992 1087 nulle
1007 1039 1037 1086 ut
1052 1033 1174 1088 historiae
1189 1048 1248 1104 psrs
1265 1031 1389 1104 impedite
1404 1033 1491 1102 megia
1502 1045 1530 1084 se
1541 1031 1579 1084 dil·

433 1121 511 1174 fieilis
520 1126 650 1191 appareat
683 1119 775 1172 Dicam
791 1135 845 1172 non
861 1119 999 1172 iactantius
1016 1133 1122 1183 cemos,
1140 1118 1185 1172 sed
1203 1121 1233 1172 nt
1247 1117 1341 1172 eruditi
1357 1117 1465 1171 lectoris
1478 1116 1580 1170 studim

434 1207 559 1270 excitem,
573 1205 692 1258 fortassis
709 1203 846 1269 eudeoins,
863 1204 896 1258 eh
907 1202 967 1257 hino
978 1204 1049 1258 mille
1061 1219 1091 1257 eo
1104 1203 1220 1258 ducentis
1232 1198 1420 1275 propemodum
1431 1203 1508 1256 ennis
1516 1199 1580 1270 liqui·

434 1290 494 1343 dem
505 1306 536 1343 ec
545 1291 674 1343 sincerem
684 1290 789 1343 illorum
800 1289 929 1342 rationem
940 1289 1086 1358 ignoratum
1097 1289 1200 1350 iniusso,
1234 1288 1308 1352 Quod
1324 1289 1375 1340 nisi
1385 1287 1538 1340 certissimis
1549 1301 1581 1336 er·

433 1376 566 1447 gementis
575 1375 728 1446 indiciisque
738 1381 928 1439 monstravero,
945 1373 1009 1428 nihil
1020 1389 1071 1445 ego
1082 1373 1246 1445 deprecabor,
1258 1373 1321 1444 quin
1332 1373 1359 1426 id
1369 1373 1511 1426 senissima
1521 1387 1537 1422 e
1547 1385 1581 1422 ne

433 1461 530 1514 dictum
542 1477 633 1515 omnes
643 1461 808 1514 erbitrentnr.
823 1459 970 1529 Proponsm
980 1461 1061 1530 igliur
1070 1459 1198 1530 imprime
1207 1457 1426 1528 quemadmodum
1434 1457 1469 1512 eb
1480 1457 1582 1526 entiquis

433 1543 561 1600 historicis
572 1558 605 1599 ee
614 1546 766 1610 referentur,
776 1551 833 1597 tum
846 1543 907 1614 quid
919 1560 937 1596 u
946 1545 1132 1599 recentioribus
1143 1544 1285 1598 memoriee
1296 1543 1427 1614 proditum
1440 1543 1487 1608 eit,
1498 1548 1527 1594 ut
1536 1557 1582 1594 em·

433 1631 526 1684 borum
536 1629 650 1684 islsitats
661 1630 780 1684 condeta
789 1629 884 1682 veritas
895 1629 954 1699 ipse
965 1643 982 1682 a
992 1630 1044 1684 situ
1056 1635 1082 1684 et
1093 1629 1251 1684 obscuritate
1261 1627 1413 1684 undem.

305 1867 310 1874 ·
375 1884 379 1899 ι
433 1852 479 1908 Dli
499 1851 671 1908 SIRhssENSl
690 1851 733 1905 ET
750 1850 934 1906 sumasne
954 1849 1222 1906 PSEUDOSYNODO
1243 1847 1398 1914 nnnsuun
1419 1849 1581 1904 SllbilAlilA·

432 1936 680 2002 nondimeno,
701 1933 879 2003 socnnnls,
900 1936 1072 1992 sozoncnln
1093 1933 1390 2000 GAETERORUMQUE
1411 1931 1582 1988 omnino.

501 2055 552 2110 libi
562 2072 591 2110 se
600 2057 696 2110 Ariene
705 2057 814 2128 petridis
824 2058 851 2110 in
863 2058 953 2111 orbem
962 2055 1136 2110 ilhristiennm
1147 2054 1244 2120 effudit,
1256 2055 1338 2108 mese
1349 2061 1391 2108 eet
1399 2055 1486 2108 reriss
1496 2055 1522 2107 in
1533 2069 1582 2123 per·

432 2148 486 2206 tes,
503 2158 533 2194 ec
549 2143 731 2212 multiplicium
747 2149 877 2196 recturum
893 2147 921 2195 et
931 2141 1074 2194 lactionum
1086 2147 1147 2194 suut
1158 2146 1221 2194 nete
1232 2140 1348 2194 divortio
1383 2139 1417 2192 Ut
1434 2139 1467 2192 de
1483 2137 1582 2192 caeteris

432 2227 510 2281 modo
518 2233 627 2292 taceam,
636 2227 748 2297 insignis
756 2228 921 2298 potissimum
929 2225 979 2280 init
986 2222 1089 2279 Photiui
1098 2224 1245 2279 sirmiensis
1256 2225 1384 2296 impietus,
1397 2225 1443 2294 qni
1452 2223 1553 2278 Sebellii
1561 2229 1582 2273 st

348 2354 354 2366 .
402 2351 408 2364 .
432 2311 787 2382 hemosetenidogmstaism
796 2311 1074 2380 olimdemnstelongo
1084 2311 1219 2364 interrsilo
1228 2311 1367 2364 renovarit
1384 2309 1466 2364 Cuius
1473 2307 1580 2362 bremio

433 2397 524 2452 ordine
532 2413 575 2452 ns.
587 2399 675 2469 posuit
686 2413 717 2450 eo
728 2397 849 2450 reiotevit
857 2395 1024 2467 Epiphsnius.
1043 2395 1116 2449 Hunc
1124 2401 1158 2464 ,nt
1168 2396 1342 2466 opprimerent
1350 2394 1440 2448 Arieni
1451 2409 1482 2448 ae
1492 2402 1581 2448 mntem

432 2498 489 2537 ese
498 2483 623 2537 inridiem
632 2483 855 2553 ignominismque
865 2482 1035 2552 depellerent,
1051 2481 1141 2550 utique
1152 2497 1180 2534 se
1192 2481 1297 2534 tsndem
1311 2479 1453 2534 catholicos
1464 2489 1521 2534 esse
1531 2493 1582 2549 pro·

432 2567 574 2634 mormius,
586 2568 732 2622 Consteutii
741 2568 831 2637 imper.
843 2569 917 2620 iussu
929 2566 1064 2630 Sirmium,
1077 2581 1143 2636 quse
1155 2565 1217 2619 urbs
1228 2571 1269 2618 est
1279 2565 1441 2629 Pannonius,
1454 2563 1582 2619 orientales

432 2659 607 2707 convocentur
624 2654 753 2723 episcopi,
773 2652 992 2722 quemadmodum
1011 2652 1132 2705 Socrates
1151 2651 1196 2706 lib.
1210 2667 1237 2704 rr.
1255 2662 1310 2721 esp.
1328 2665 1412 2715 nnn,
1431 2650 1581 2704 Sosomenus

431 2739 623 2808 lib.1r.cep.r.
638 2737 733 2807 otiique
750 2744 864 2792 nerrsnt.
900 2735 975 2801 Quod
992 2737 1070 2790 iidem
1086 2736 1228 2806 contigisse
1244 2737 1333 2788 volunt
1349 2741 1411 2806 post
1426 2735 1581 2790 moenum

433 2821 519 2892 Sergii
529 2828 557 2874 et
566 2821 697 2891 Nigriani,
714 2823 760 2891 qei
775 2829 818 2875 est
828 2837 912 2876 snum
924 2819 1019 2876 Christi
1030 2835 1119 2877 ooour.
1142 2819 1245 2874 Aiiuore
1256 2819 1357 2890 synodo
1367 2819 1497 2890 imprimis
1508 2819 1581 2873 orien

432 2907 497 2959 retes
513 2907 628 2976 episcopi
638 2907 745 2960 Marcus
755 2903 920 2971 Arethuslus,
938 2905 1068 2976 Georgius
1079 2905 1261 2972 Alexsndrise,
1279 2905 1392 2959 Besilius
1404 2908 1523 2974 Ancprse
1535 2901 1581 2972 epi

432 2991 518 3062 scopi,
529 2990 680 3044 isseretins
691 2989 798 3056 Pelusii,
809 2991 971 3062 Hypetisnus
984 2991 1130 3045 liereoleee.
1162 2986 1202 3045 iis
1214 2989 1416 3044 occidentelibus
1427 3005 1489 3044 sero
1499 2987 1580 3042 eaden

431 3075 534 3128 iniectis
544 3076 604 3129 labe
612 3075 708 3130 Veiens
718 3077 868 3131 hiursorum
879 3077 1024 3148 episcopus,
1036 3093 1084 3130 nec
1095 3093 1150 3130 non
1161 3083 1187 3129 et
1196 3075 1271 3129 Osius
1281 3075 1456 3130 Cordubensis
1466 3075 1582 3128 sedere

432 3159 573 3216 esthoiicee
583 3177 630 3233 per
640 3162 687 3216 ills
697 3168 816 3234 tempore
826 3163 960 3229 columen,
973 3161 1018 3232 qui
1029 3177 1060 3216 eo
1071 3162 1132 3216 licet
1142 3162 1239 3214 inritus
1249 3159 1365 3214 ecesseit
1383 3159 1412 3214 ln
1422 3158 1471 3213 hoe
1478 3157 1580 3212 coneilio

432 3245 604 3302 condemnato
613 3246 723 3302 Photino
735 3249 830 3318 triplex
841 3248 911 3302 edite
922 3255 961 3301 est
976 3249 1010 3300 eb
1022 3245 1124 3300 Arionis
1140 3239 1202 3299 idei
1216 3245 1339 3300 immoles
1356 3242 1441 3315 priore
1459 3239 1581 3299 braces

431 3333 521 3387 ituree
537 3331 674 3386 Arethusio
690 3339 828 3404 conceptu,
846 3349 926 3403 quum
943 3331 1063 3385 Socrates
1080 3343 1136 3400 oep.
1148 3344 1218 3396 ssu,
1235 3337 1262 3384 st
1278 3337 1337 3385 ente
1355 3345 1416 3384 eom
1431 3327 1579 3384 Alimentus
1613 3323 1614 3372 i

430 3417 498 3472 libro
509 3419 541 3472 ds
552 3417 666 3488 Synodie
679 3417 777 3472 Graece
792 3417 919 3482 referunt,
935 3415 1027 3470 henne
1038 3429 1099 3470 vero
1115 3417 1228 3470 llilarius
1241 3417 1307 3470 libro
1320 3415 1350 3469 de
1362 3414 1484 3484 synodis.
1515 3411 1581 3467 Dure

432 3503 498 3556 eliee
509 3503 617 3558 hednae
629 3512 703 3567 sunt,
720 3517 830 3572 quarum
846 3503 932 3572 prime
945 3513 962 3553 s
973 3499 1079 3554 Soerete
1091 3507 1117 3554 et
1128 3501 1272 3555 Athanasio
1281 3499 1374 3554 lisdem
1385 3501 1451 3554 loeis
1462 3497 1580 3568 &sumpte
1613 3515 1614 3570 3

431 3588 585 3652 continetur,
595 3595 764 3657 postremm,
777 3600 844 3655 quse
854 3587 883 3639 in
891 3585 1047 3640 Ariminensi
1056 3585 1155 3655 synodo
1166 3587 1311 3640 evelenter
1319 3587 1414 3640 eoitsts
1422 3581 1579 3656 postmodum
1613 3573 1614 3662 J

431 3678 472 3724 est
487 3678 514 3724 et
529 3671 691 3725 eoethotieis
702 3672 807 3735 mnus,
822 3667 904 3724 hebet
913 3669 1033 3724 Socrates
1044 3685 1101 3741 esp.
1110 3687 1192 3736 serr,
1207 3672 1326 3724 meminit
1337 3673 1363 3724 ei
1373 3669 1529 3726 numnius
1539 3669 1578 3721 lib.

431 3755 463 3809 de
473 3755 595 3825 synodis.
626 3756 699 3810 Dure
710 3756 799 3823 itaque
808 3761 864 3807 tum
874 3752 1001 3809 iormuleo
1014 3755 1102 3812 Sirmii
1112 3757 1292 3827 promulgetur
1302 3762 1372 3811 sust.
1407 3754 1476 3810 item
1486 3755 1579 3808 testim
1613 3777 1614 3794 κ

430 3841 540 3894 Aeimim
550 3847 642 3911 postes
652 3839 825 3910 publiosrunt.
858 3838 887 3892 ln
903 3839 995 3895 eedem
1009 3839 1108 3911 synodo
1120 3840 1233 3896 Basilius
1245 3842 1397 3910 Ancyrsnus
1409 3853 1470 3894 eom
1480 3839 1580 3894 metro

431 3940 519 3980 eorem
529 3926 683 3996 imperatore
694 3937 849 3994 congressus
862 3931 916 3990 eet,
934 3927 1008 3980 cuius
1024 3926 1206 3997 disputationis
1221 3925 1378 3980 mentionem
1395 3925 1424 3980 in
1435 3923 1580 3980 Photisisus

430 4011 530 4065 heeresi
540 4011 603 4066 iecit
613 4009 780 4082 Epiphsnius.
798 4010 893 4063 liosios
904 4025 965 4064 sero
977 4011 1022 4064 diu
1034 4027 1094 4064 cum
1106 4012 1260 4064 Asianorum
1270 4009 1380 4081 peridis
1390 4017 1418 4064 et
1426 4007 1579 4083 imperatoris

431 4096 581 4150 erudelitste
595 4097 709 4150 luentes
726 4108 759 4149 ec
773 4094 910 4149 dirissimis
920 4097 1057 4150 tormentis
1069 4095 1280 4162 encomiioetus,
1295 4103 1427 4168 postremo
1443 4095 1525 4150 eidem
1538 4095 1578 4147 tn·

430 4181 690 4254 pineusubsoripsit
722 4178 871 4234 &cundum
881 4177 947 4233 hseo
958 4177 1127 4236 Constantius
1138 4183 1223 4234 occiso
1234 4182 1398 4252 mentio,
1411 4181 1486 4235 cuius
1497 4179 1578 4234 caele

431 4266 625 4322 desomnem.
637 4272 664 4318 et
675 4263 753 4320 (lello
761 4284 791 4320 n.
804 4281 880 4331 coss,
892 4266 937 4335 qui
949 4273 989 4319 eet
1000 4281 1084 4320 sunus
1097 4280 1214 4332 occurro,
1225 4265 1331 4332 stridit,
1343 4277 1373 4320 ee
1384 4258 1491 4336 reliquis
1501 4271 1577 4334 tyrso

430 4354 473 4405 nis
481 4352 629 4407 felicissime
640 4351 794 4420 conpressis
804 4357 850 4404 ent
860 4351 994 4416 extinctis,
1013 4350 1087 4405 bello
1104 4352 1211 4422 insuper
1221 4357 1326 4416 neceto,
1343 4350 1577 4405 commodumst

432 4435 507 4492 Gello
517 4455 558 4492 nr.
574 4451 641 4490 ooss.
658 4450 726 4489 enno
738 4451 853 4500 ooourv,
871 4435 977 4490 demum
987 4435 1127 4490 Arbetione
1144 4443 1170 4489 et
1183 4435 1302 4490 Lolliano
1317 4448 1385 4490 oose.
1403 4451 1477 4490 suno
1491 4447 1573 4489 ononi.

429 4520 541 4577 Romern
551 4528 583 4576 nt
590 4515 761 4592 triumpharet
770 4521 900 4591 proiectus
911 4520 1051 4575 Mediolani
1060 4521 1188 4590 synodum
1196 4521 1268 4590 cogit
1277 4521 1400 4574 adversus
1405 4519 1573 4574 Athsnesism.

430 4603 480 4659 (lui
495 4620 555 4661 oum
565 4609 689 4661 ecerdme
704 4605 897 4676 refrigerentur
908 4603 1028 4660 catholici
1044 4606 1171 4676 episcopi,
1186 4607 1338 4677 pressertim
1348 4605 1477 4660 Eusebius
1485 4601 1574 4659 verset

429 4690 517 4756 sons
528 4692 668 4762 Dionysius
679 4690 889 4757 hiediolenensis,
900 4690 1023 4744 Poulinus
1035 4691 1207 4756 Trevereneis,
1222 4689 1326 4746 Luolier
1336 4689 1506 4756 comeum
1520 4699 1573 4741 eru·

429 4775 484 4828 lere
494 4776 560 4830 inssi
570 4784 639 4831 sunt
669 4775 768 4830 Eodem
778 4791 847 4830 enno
858 4782 886 4830 et
895 4775 1013 4830 Liberius
1025 4775 1159 4830 &monus
1169 4775 1304 4842 Pontifex,
1321 4777 1366 4846 qui
1376 4775 1446 4830 lulio
1455 4782 1572 4830 mouet*

430 4865 481 4924 ret,
497 4860 567 4928 qood
578 4860 747 4918 Atdeuesium
759 4859 933 4916 condemnere
942 4858 1033 4928 sonet,
1049 4861 1180 4929 relegetur
1192 4868 1243 4928 sss,
1260 4869 1293 4916 ut
1304 4861 1383 4918 neem
1398 4856 1513 4916 historici
1522 4873 1570 4913 eru
