3650 5642
394 623 398 630 ·
429 609 484 666 ΧΠ

497 761 636 834 slyer-ciete
652 779 679 815 rs
695 757 904 832 damnosissima]
932 761 1099 832 Longissima
1115 760 1146 813 55
1157 759 1344 830 Aegyptiomm
1360 755 1490 828 dynastiis
1509 753 1591 824 deque

430 849 558 918 Scaligeri
567 849 596 902 15
607 849 747 902 Eusebium
757 849 958 918 intemperantia
968 847 1107 917 disputatio
1119 844 1167 898 hoc
1179 847 1237 898 loeo
1247 845 1347 898 institui
1358 849 1469 914 poterat
1486 840 1557 894 liam
1568 845 1592 890 et

430 934 473 988 hic
488 949 593 1004 quoque
606 934 743 1005 proleptici
757 934 881 1004 temporis
898 932 1184 1001 commentitiamque
1201 930 1376 1000 dynastiarum
1391 926 1535 982 methodus
1551 941 1592 976 re·

430 1021 510 1089 stigia
520 1020 609 1072 omnis
617 1020 733 1072 veritatis
743 1020 902 1088 permiscuit.
931 1017 983 1070 Sed
995 1017 1248 1070 animadversionum
1259 1033 1307 1069 nos
1319 1015 1431 1068 brevitas
1441 1013 1532 1066 libere
1543 1012 1593 1062 'mte

430 1105 521 1158 leviter
536 1104 659 1158 admonet
673 1119 759 1175 neque
773 1103 951 1158 vehementius
968 1103 1001 1156 ad
1018 1118 1061 1156 ees
1078 1103 1243 1173 quaestiones
1259 1101 1415 1156 incumbere.
1447 1097 1593 1167 Dynastiss

430 1191 618 1260 Aegyptiomm
630 1206 663 1243 ex
674 1188 831 1243 5155515555
842 1189 978 1243 1111155555
996 1203 1075 1242 unam
1087 1195 1113 1241 et
1127 1189 1236 1257 triginta
1251 1185 1479 1249 commemorarit,
1499 1181 1594 1253 quibus

364 1301 367 1312 ·
430 1267 1595 1346 annossssignatbdbl.AbeodiversissimusestEusebiustemindyusstiarumordine,

430 1377 511 1431 quam
524 1362 554 1414 15
568 1376 697 1414 annorum
712 1377 823 1414 summa
856 1359 995 1430 Propterea
1012 1359 1099 1414 551555
1115 1358 1247 1412 5551555
1263 1359 1404 1410 insectatur
1419 1355 1554 1423 Scaliger,
1570 1357 1595 1403 st

430 1445 596 1540 Manethon&
611 1445 739 1516 dynastiis
755 1445 877 1500 omnibus
897 1445 1046 1514 explicetis,
1064 1461 1153 1498 esrum
1170 1449 1248 1515 ceput
1258 1445 1326 1496 ultre
1341 1441 1431 1496 mundi
1447 1437 1595 1511 primordie

429 1531 585 1602 longissime
595 1538 738 1601 promovet.
764 1529 884 1594 Quodsi
895 1529 1201 1591 fabulemms'nstitutum
1217 1533 1403 1600 opportunum,
1419 1526 1452 1580 ed
1466 1523 1595 1578 historiae

430 1617 565 1670 mritetcm
575 1615 753 1687 indagandam
761 1617 884 1670 frivolum
894 1630 925 1668 ac
937 1615 1074 1669 ridiculum
1090 1621 1137 1669 est
1163 1615 1222 1669 Non
1237 1615 1307 1668 5515
1321 1612 1459 1666 mediocris
1474 1609 1595 1679 ineptiae

431 1707 484 1768 eet,
499 1701 571 1756 hisee
585 1703 665 1773 nugis
680 1718 711 1755 ec
721 1701 870 1771 quisquiliis
885 1702 973 1754 locum
984 1702 1012 1754 in
1022 1700 1130 1755 historie
1141 1701 1359 1770 chronologiaque
1369 1699 1499 1760 tribuere,
1514 1701 1595 1762 atque

431 1787 575 1842 Eusebium
589 1793 709 1858 proterea
725 1787 841 1857 culpare,
865 1787 935 1856 quod
951 1786 1110 1840 5155515515
1127 1786 1222 1840 deliriis
1240 1786 1373 1839 abstinens
1390 1789 1488 1836 certam
1506 1779 1596 1834 inierit

431 1874 514 1941 1155,
529 1889 584 1944 555
598 1872 663 1926 haec
674 1872 708 1925 sd
717 1871 852 1925 historiam
863 1872 1077 1926 accommodaret
1103 1871 1232 1936 Quoniam
1241 1871 1322 1942 igitur
1333 1869 1541 1939 Aegyptiorum,
1558 1861 1595 1916 uti

431 1957 560 2024 diximus,
576 1957 652 2012 initis
668 1958 854 2011 obscurissime
866 1963 941 2022 sunt,
955 1956 1048 2010 herum
1059 1957 1237 2027 dynastiamm
1246 1957 1389 2010 1151155155
1398 1961 1522 2024 tempore
1532 1965 1594 2002 con·

431 2044 588 2108 sideramus,
605 2059 716 2113 quorum
730 2041 840 2097 historia
851 2044 952 2108 certior,
967 2051 998 2095 ut
1009 2041 1118 2096 5115555
1129 2043 1277 2096 fabulemrn
1287 2041 1421 2095 lasciuiam
1433 2035 1595 2110 quibusdam

431 2129 549 2181 terminis
560 2145 592 2182 ec
601 2129 729 2182 limitibus
740 2143 913 2183 coerceamus.
931 2127 1073 2197 Cambyses
1085 2145 1162 2193 enno,
1173 2133 1289 2182 5155151
1300 2133 1340 2180 est
1349 2125 1505 2188 Herodotus,
1517 2119 1593 2190 regni

433 2214 477 2267 sui
487 2214 579 2283 quinto
591 2214 754 2285 expugnarit
762 2214 923 2285 aegyptum,
940 2214 1018 2284 paulo
1029 2220 1090 2284 post
1100 2213 1230 2267 Ammidis
1242 2213 1349 2267 obitum.
1375 2210 1414 2264 55
1426 2210 1475 2263 555
1485 2217 1593 2277 tempus

431 2315 480 2351 sex
496 2304 523 2351 51
532 2299 628 2369 uiginti
643 2299 777 2370 dynastiae
794 2299 960 2352 abattissae
976 2305 1151 2365 5555155151,
1167 2299 1230 2352 anni
1240 2297 1314 2352 5150.
1339 2297 1378 2350 De
1390 2295 1531 2365 Cambysis
1548 2307 1594 2344 ex·

431 2383 503 2438 ordio
518 2384 630 2438 dubitari
645 2401 700 2439 non
715 2390 814 2456 potest,
829 2401 890 2438 555
905 2389 933 2437 51
949 2401 982 2438 ex
998 2383 1116 2454 hystorie
1129 2391 1156 2438 et
1166 2401 1200 2437 ex
1212 2383 1391 2438 astronomicis
1402 2377 1592 2435 obseruationi-

429 2469 481 2522 bus
490 2469 560 2541 apud
570 2470 748 2524 Ptolemaeum
757 2469 928 2540 liquidissime
939 2474 1048 2524 constet
1073 2471 1199 2524 Convenit
1209 2475 1296 2523 sutem
1307 2485 1375 2522 enno
1386 2483 1440 2538 per.
1451 2466 1501 2518 Iul.
1512 2461 1591 2517 4185,

430 2553 500 2625 Ergo
511 2572 596 2610 annus
607 2556 663 2608 eius
674 2555 776 2625 imperii
786 2555 913 2625 septimus
925 2555 1010 2626 coepit
1020 2571 1089 2608 anno
1101 2555 1179 2620 4189,
1191 2571 1268 2626 quem
1280 2570 1337 2607 esse
1349 2553 1487 2606 definimus
1498 2547 1591 2603 mnndi

430 2639 506 2694 11450.
521 2641 653 2694 55115115
665 2640 699 2692 ad
709 2639 760 2693 hoc
768 2646 872 2710 tempus
882 2641 945 2693 enni
956 2641 1122 2694 decurrerunt
1132 2639 1204 2706 1805,
1216 2640 1363 2711 5115555115
1375 2636 1535 2692 continenda
1545 2633 1591 2702 dy·

430 2725 575 2778 55511555
589 2725 738 2790 intervalla,
755 2725 849 2795 quibus
865 2725 899 2778 ab
915 2727 1106 2780 511511515551
1123 2725 1306 2795 5505555515
1323 2725 1442 2795 quintum
1459 2721 1590 2775 Eusebius

430 2810 541 2880 imputat
550 2826 634 2863 55555
647 2810 720 2863 1491.
737 2808 789 2863 Sed
800 2811 929 2864 Abreento
940 2817 1127 2866 5555551515.
1140 2811 1287 2880 dynastiam
1298 2810 1446 2864 inchoatam
1457 2807 1564 2869 scribit;
1576 2819 1592 2854 s

431 2909 482 2964 quo
494 2893 603 2948 discedit
611 2894 786 2965 Epiphanius,
803 2896 849 2966 qui
859 2913 927 2950 11111
942 2897 1043 2966 555511,
1059 2902 1089 2950 51
1104 2896 1195 2950 55555
1211 2903 1341 2968 1555515,
1357 2911 1409 2966 555
1420 2894 1591 2963 Assyriorum

429 2979 583 3033 monarchia
593 2980 690 3050 eoepit,
700 2981 845 3051 Aegyptios
854 2997 981 3052 regnasse
989 2982 1144 3047 dixerimus,
1156 2999 1216 3036 cunr
1226 2983 1330 3035 illorum
1340 2979 1512 3052 primordium
1524 2980 1592 3032 circs

430 3081 529 3118 55555
539 3081 557 3118 5
567 3065 663 3118 5115515
676 3064 732 3118 158.
742 3066 873 3132 inciderit,
889 3066 1010 3120 detractis
1020 3067 1133 3120 vtotidem
1145 3069 1220 3122 aunis
1231 3069 1265 3121 ab
1276 3067 1425 3130 intervallo,
1443 3064 1513 3134 quod
1526 3079 1543 3117 a
1555 3062 1592 3114 di·

429 3151 501 3204 lurio
512 3150 546 3203 ed
556 3151 677 3221 quintum
689 3150 826 3220 cambysis
837 3152 955 3222 clapsum
966 3159 1019 3222 est,
1036 3154 1098 3208 anni
1112 3157 1266 3224 supererunt
1278 3151 1343 3206 1650
1354 3152 1388 3206 55
1399 3151 1591 3220 Aegyptiorum

429 3237 503 3290 initio
515 3236 549 3290 ad
559 3236 708 3306 Cambysen
717 3253 800 3308 usque
810 3242 839 3290 51
847 3237 984 3292 Pareamus
996 3239 1022 3292 in
1034 3239 1153 3309 Aegypto
1165 3239 1341 3302 dominatum,
1356 3253 1401 3308 per
1412 3236 1530 3289 Africani
1545 3236 1591 3304 dy·

429 3323 541 3392 555555,
551 3323 576 3375 51
585 3323 670 3389 lubet,
682 3323 862 3394 dispensandi3
874 3323 944 3393 5555
955 3325 1068 3378 5115555
1079 3341 1110 3377 ac
1121 3325 1327 3394 nugacissimum
1339 3329 1386 3378 est.
1405 3321 1445 3374 Ad
1456 3335 1590 3374 summam

429 3408 476 3476 qni
486 3409 706 3478 Aegyptiacemm
722 3409 853 3478 originum
868 3407 1004 3462 historiam
1018 3411 1203 3480 151115155555
1220 3410 1344 3479 consequi
1358 3407 1455 3471 studet,
1471 3408 1591 3476 postule·

428 3491 571 3545 11115511155
579 3493 707 3564 scaligeri
714 3493 834 3563 periodos
845 3498 873 3546 et
883 3509 988 3548 omnem
996 3495 1173 3563 dynastiamm
1181 3509 1305 3566 pompam
1313 3495 1530 3548 reiicietnecssse
1542 3497 1589 3554 est,

429 3591 461 3628 au
471 3577 549 3630 certis
558 3595 588 3630 se
598 3595 726 3631 annorum
734 3578 878 3630 intervallis
888 3577 1041 3649 miringat

497 3660 529 3714 01
536 3660 563 3714 iz
572 3662 675 3714 Σικυῶνι
684 3661 711 3714 11
720 3663 809 3732 pisos]
827 3661 869 3715 Ex
879 3663 971 3716 55555
983 3664 1094 3719 Eusebio
1106 3666 1224 3737 sumpsit.
1244 3665 1295 3718 Sed
1306 3665 1355 3718 hoc
1366 3681 1458 3735 perum
1468 3663 1589 3724 fideliter,

429 3746 500 3816 quod
509 3747 623 3817 primum
633 3747 815 3817 Sicyoniorum
825 3763 914 3817 regem
925 3748 990 3802 15511
999 3749 1137 3820 Europam,
1148 3769 1208 3806 cum
1220 3751 1256 3804 511
1265 3751 1334 3822 apud
1342 3750 1483 3804 Eusebium
1495 3765 1590 3802 secun·

428 3831 486 3884 555.
516 3831 585 3886 Nero
594 3833 694 3903 primus
705 3837 747 3885 est
755 3832 907 3902 aegialeus,
923 3835 969 3904 qui
978 3837 1053 3888 annis
1064 3853 1102 3888 ιιι
1112 3837 1240 3906 regnarit
1266 3837 1331 3890 Huic
1341 3837 1441 3907 Europa
1452 3837 1590 3899 successit,

428 3917 503 3970 cuius
515 3933 584 3970 anne
595 3935 653 3972 xxm
663 3918 779 3971 nascitur
788 3918 942 3972 Abraamus.
968 3920 1184 3990 Antiquissimum
1195 3921 1245 3974 hoc
1255 3923 1283 3975 15
1295 3923 1398 3992 Europa
1407 3935 1518 3991 regnum
1530 3921 1588 3974 1511.

429 4001 510 4056 Gaius
519 4003 548 4055 in
563 4003 639 4056 aunis
653 4004 761 4056 minime
777 4008 882 4056 autores
898 4006 1070 4060 consentiunt.
1093 4007 1145 4060 Sed
1161 4023 1254 4078 pamm
1271 4007 1410 4061 admodum
1425 4007 1479 4060 1515
1495 4023 1589 4060 omnes
1623 4027 1624 4030 ¹

429 4088 527 4141 abeunt
542 4103 559 4140 a
574 4088 700 4153 millenis,
717 4095 782 4158 5551
791 4089 963 4158 Apollodorus
979 4091 1049 4161 apud
1062 4091 1203 4146 Eusebium
1220 4099 1346 4146 5555151
1371 4093 1454 4146 Huius
1470 4095 1548 4162 regni
1565 4093 1588 4144 51

428 4173 533 4226 initium
543 4174 680 4243 explorare
690 4175 820 4239 volumus,
835 4174 934 4241 55555,
946 4191 998 4246 qne
1009 4191 1096 4246 supra,
1106 4178 1237 4242 methodo,
1253 4177 1454 4231 considerandus
1465 4184 1506 4230 est
1516 4178 1583 4232 linia

428 4257 576 4312 Postremus
588 4257 770 4328 Sicyonicmm
779 4277 873 4331 regom
883 4261 1034 4332 Zeuxippus
1050 4262 1111 4327 1511,
1128 4263 1201 4316 55155
1217 4269 1278 4333 5551
1293 4263 1393 4316 obitum
1404 4263 1585 4332 Agamemnon

427 4357 539 4412 regnum
548 4343 613 4396 illud
622 4345 730 4397 invasitz
744 4346 783 4398 its
798 4352 829 4398 ut
843 4347 963 4416 deinceps
975 4363 1050 4417 reges
1061 4348 1126 4400 nulli
1136 4349 1234 4418 proprii
1243 4349 1352 4414 1551151,
1369 4349 1414 4401 555
1425 4347 1585 4402 sacerdotes:

429 4431 534 4482 tametsi
544 4434 605 4500 poet
614 4429 780 4500 Zeuxippum
789 4430 930 4485 Pausanias
940 4431 1109 4502 Hippolytum
1119 4447 1243 4504 regnasse
1257 4434 1358 4499 scribit,
1374 4449 1426 4503 555
1441 4433 1584 4502 imperante

429 4512 560 4582 Sicyoniis
569 4516 668 4585 poh'tus
679 4521 720 4568 est
729 4516 919 4586 Agamemn.
945 4517 1024 4570 Addit
1038 4524 1065 4572 et
1075 4517 1244 4572 Lacestedem
1260 4533 1362 4588 regem,
1377 4520 1489 4588 subque
1505 4535 1522 4570 a
1531 4519 1583 4573 Do·

428 4599 557 4653 riensibus
569 4600 685 4670 Sicyonii
694 4601 797 4653 subacti
806 4608 875 4655 sunt
901 4601 1011 4655 0555151
1025 4603 1104 4672 igitur
1117 4603 1304 4673 propemodum
1321 4605 1370 4658 sub
1381 4605 1522 4656 Troianum
1537 4621 1583 4659 ex-

429 4683 525 4737 515155
536 4685 717 4756 Sicyoniomm
731 4685 838 4738 desiisse
852 4703 971 4757 regnum.
997 4687 1111 4758 Tempus
1129 4686 1244 4748 ἁλώσεως
1255 4689 1382 4742 ’11515555
1399 4703 1484 4742 annm
1501 4695 1539 4742 est
1554 4692 1582 4743 in

427 4786 482 4840 per.
491 4770 540 4824 Iul.
550 4770 635 4836 3230,
645 4771 736 4825 mundl
743 4770 828 4836 2800,
838 4779 899 4842 5551
908 4773 1033 4826 diluvium
1045 4774 1116 4826 1144.
1135 4773 1219 4836 Quare
1230 4789 1290 4828 cum
1299 4774 1480 4843 Agamemnon
1492 4793 1526 4828 xv
1537 4792 1581 4828 an-

428 4871 477 4910 nos
487 4858 645 4927 regnaverit,
661 4873 696 4912 ex
707 4858 801 4928 quibus
812 4875 830 4911 1
841 4857 968 4913 Troianae
980 4857 1108 4913 obsidioni
1118 4857 1270 4930 decerpendi
1281 4865 1355 4924 suut,
1368 4845 1481 4930 quihque
1491 4861 1579 4931 511515
