3650 5642
571 857 616 910 AD
633 855 806 910 nnunuelu
823 857 944 922 LXXX,
962 855 1049 922 Quen
1068 855 1131 910 EST
1148 855 1459 912 MASSALIANORUM.

482 978 514 1032 N.
524 995 542 1032 1.
565 975 736 1028 Μασσαλιανυλ
748 976 774 1028 δὲ
786 969 854 1029 οὗτοι
866 976 1016 1043 καλοῦνται]
1048 976 1224 1030 Theodoretus
1237 977 1281 1030 lib.
1290 995 1324 1030 ru.
1336 977 1442 1031 Hister.
1456 993 1515 1046 cap.
1525 985 1578 1028 net

414 1064 460 1118 lib.
470 1082 505 1116 ιν.
517 1066 606 1114 sonim
615 1062 755 1126 Haereses,
773 1061 956 1122 Μεσσαλιανυυς
974 1061 1071 1116 Graece
1088 1061 1195 1132 Εὖχίτας
1211 1062 1336 1132 appellari
1353 1063 1471 1126 scribit,
1496 1070 1522 1114 et
1532 1059 1579 1112 Ἐν

416 1142 571 1214 λυυσαστὰς,
589 1147 659 1216 quod
675 1147 768 1200 afflatu
784 1148 917 1202 immonis
928 1148 1039 1217 correpti
1050 1148 1104 1200 vim
1115 1148 1187 1200 illem
1199 1164 1257 1202 esse
1267 1149 1376 1218 spiritus
1390 1148 1487 1202 sancti
1498 1147 1580 1200 menti·

414 1237 510 1288 rentur.
533 1230 615 1284 Iidem
627 1237 653 1284 et
664 1232 825 1302 Adelpbiom'
834 1233 867 1286 ab
879 1231 1019 1302 Adelphio,
1037 1249 1114 1302 quem
1129 1231 1268 1294 Flauianus
1279 1231 1471 1286 Antiochenses
1482 1233 1582 1286 damna·

415 1318 464 1382 vit,
480 1323 507 1370 et
523 1316 670 1386 Elpnpircn
702 1316 986 1380 Vide'Theodoretum,
1004 1323 1030 1370 et
1046 1316 1165 1370 Photium
1182 1335 1254 1372 num.
1273 1335 1319 1372 mr.
1354 1317 1409 1382 Qui
1429 1319 1462 1372 in
1478 1317 1582 1370 conc-ilio

415 1402 477 1456 Side
487 1402 516 1455 in
524 1401 676 1474 Pamphylia
684 1403 812 1456 celebrato
820 1402 1006 1456 condemnatos
1015 1419 1072 1456 esee
1084 1403 1154 1468 dicit,
1165 1403 1290 1473 pluraque
1302 1403 1335 1458 ad
1347 1403 1424 1456 idem
1438 1404 1583 1486 institutum

414 1488 500 1542 refert
521 1487 602 1558 Origo
614 1505 674 1542 vero
686 1488 866 1559 appellationis
878 1488 948 1542 iilius
960 1489 993 1540 ab
1005 1487 1131 1542 ilebraica
1141 1505 1204 1542 uoce
1216 1488 1357 1542 deducitur.
1382 1487 1462 1542 Nam
1481 1487 1585 1556 NJ!

415 1579 456 1627 est
466 1590 554 1639 orare,
565 1590 654 1643 preces
665 1573 781 1627 fundere
815 1572 889 1626 Unde
905 1543 1024 1663 1³³5th
1041 1570 1063 1624 oi
1075 1571 1210 1642 εὐχόμενοι.
1239 1575 1275 1626 Ac
1287 1573 1397 1644 proinde
1411 1573 1583 1630 Μεσσαλααννς

416 1675 463 1728 per
474 1676 498 1726 s,
511 1675 577 1728 quae
588 1665 629 1712 est
638 1658 722 1712 forma
732 1657 841 1712 Beneni.

484 1737 566 1796 Ἦσαν
575 1742 602 1795 δὲ
611 1743 658 1815 arp‘o
667 1745 759 1813 χρόνον
769 1743 851 1813 τινός]
872 1743 975 1813 Duplex
986 1743 1202 1798 Mmsaliunornm
1213 1759 1297 1814 genus
1309 1744 1501 1814 inunguitur.
1524 1741 1583 1796 Nem

415 1829 461 1882 alii
471 1833 546 1882 erant
556 1829 714 1898 antiquiores
726 1827 842 1898 merique
853 1829 973 1898 gentiles,
985 1829 1030 1882 alii
1041 1829 1074 1882 ab
1086 1829 1142 1882 istis
1151 1830 1288 1900 propagati
1296 1828 1484 1884 Christianum
1495 1844 1584 1882 nomen

416 1914 583 1984 usurpabant
616 1913 655 1965 De
671 1915 833 1983 superiorum
844 1919 973 1968 uetustate
989 1920 1058 1968 certo
1070 1914 1236 1984 pronunciari
1246 1931 1299 1968 non
1310 1919 1406 1983 potest.
1448 1914 1520 1968 liam
1531 1913 1584 1982 Epi·

416 1998 505 2069 phanii
515 1999 586 2050 locus
597 1998 647 2051 iste
659 2000 830 2068 ambiguitate
842 2016 894 2052 non
904 2006 986 2064 vacat,
999 2016 1066 2070 quae
1077 2001 1104 2052 in
1116 1999 1322 2070 interpunctione
1330 2001 1469 2054 consistit.
1486 1999 1584 2052 Etenim

416 2083 544 2153 suspicari
560 2100 699 2154 possumus
716 2085 754 2136 ita
770 2083 834 2137 haec
849 2101 907 2138 osae
922 2085 1109 2138 continuanda:
1127 2079 1189 2150 ἦσαν
1201 2082 1228 2138 δὲ
1240 2085 1287 2153 np'o
1300 2086 1394 2156 ypdvoo
1406 2085 1482 2146 τινὸς
1494 2081 1530 2142 «λς
1542 2081 1584 2132 isi

416 2171 466 2220 τῶν
478 2169 568 2237 καιρῶν
581 2168 762 2239 honorandos,
775 2169 815 2221 sai
827 2169 898 2239 δεῦρο
910 2166 983 2222 ἄλλοι
996 2168 1067 2222 πάλιν
1080 2168 1226 2240 Εὐφημῖται.
1249 2170 1333 2239 Atque
1350 2168 1401 2224 hoc
1418 2177 1505 2240 paeto
1522 2168 1583 2238 prio

416 2270 472 2317 res,
487 2254 533 2324 qui
544 2258 570 2307 et
581 2256 704 2324 gentilos,
720 2255 865 2309 Constantii
875 2256 931 2309 iere
942 2256 1101 2325 temporibus
1112 2255 1264 2326 prodierint,
1276 2255 1349 2308 atteri
1360 2271 1439 2320 vero,
1459 2263 1584 2324 tanquam

416 2341 527 2394 istorum
542 2342 712 2412 propagines,
733 2343 810 2411 paulo
826 2347 887 2394 unte
903 2358 982 2410 quam
998 2339 1062 2394 haec
1078 2339 1238 2410 Epiphanius
1254 2345 1491 2406 commentaretur,
1507 2355 1583 2392 emer·

331 2468 337 2480 .
385 2467 391 2480 .
416 2431 510 2481 serant.
533 2425 630 2479 Verum
642 2443 702 2480 omn
712 2443 767 2480 nou
777 2426 1030 2480 modo'i‘robeniana
1043 2427 1131 2492 editio,
1147 2426 1192 2480 sed
1208 2427 1288 2480 etism
1299 2427 1400 2480 calamo
1418 2427 1530 2480 exarati
1546 2439 1583 2475 co

417 2511 486 2564 dices
503 2517 581 2580 atque
597 2511 656 2581 ipsa
672 2511 791 2564 (lornarii
806 2513 983 2581 interpretatio
1002 2518 1061 2565 ante
1079 2528 1169 2566 vocem
1190 2508 1263 2564 ἄλλοι
1282 2519 1308 2564 et
1327 2517 1387 2582 post
1408 2512 1489 2582 δεῦρο
1510 2511 1581 2562 inter·

416 2597 584 2667 punctionem
595 2595 745 2660 adhibeant,
763 2597 965 2650 existimandum
977 2605 1017 2650 est
1028 2598 1123 2650 alteros
1134 2598 1212 2662 istos,
1229 2598 1274 2666 qui
1290 2597 1357 2650 inter
1368 2597 1489 2665 gentiles
1501 2596 1583 2666 potius

323 2716 328 2726 -
416 2679 570 2736 dumerandi
586 2687 661 2744 sunt,
678 2697 840 2752 quorumque
851 2682 884 2734 ed
902 2681 1097 2736 similitudinem
1115 2683 1270 2752 posteriores
1286 2683 1404 2752 expressi
1416 2687 1498 2746 sunt,
1515 2685 1582 2732 vetu-

416 2767 509 2819 stiores
526 2766 657 2830 extitisse,
674 2781 706 2818 ac
722 2771 778 2819 tum
796 2766 900 2820 demum
918 2769 968 2820 sub
981 2767 1126 2821 Constantii
1142 2772 1260 2837 tempora
1276 2765 1510 2820 Semichrietianos
1527 2765 1581 2818 illos

416 2856 522 2904 exortos
539 2851 627 2905 inisse.
663 2849 839 2904 Theodoretua
857 2853 885 2904 in
902 2852 997 2906 Hister.
1016 2852 1114 2907 Eccles.
1133 2852 1331 2922 imperatoribus
1349 2851 1541 2906 Valentiniano
1560 2855 1583 2900 et

416 2936 524 2990 Valente
534 2935 705 2988 Messaliauos
717 2935 843 3006 prodiisse
855 2937 953 2990 scribit.
988 2935 1018 2990 In
1031 2953 1082 3007 quo
1094 2938 1128 2990 ab
1140 2937 1283 3008 Epiphanio
1296 2953 1348 2989 non
1359 2937 1503 3008 discrepat.
1536 2935 1580 2988 liic

416 3023 486 3076 anun
498 3017 532 3082 ὡς
543 3017 592 3072 ine
604 3022 654 3072 τῶν
666 3024 757 3093 καιρῶν
770 3021 953 3088 hermenrico,
970 3021 1101 3084 τλατυκῶς
1119 3021 1160 3074 καὶ
1176 3023 1328 3091 &reppererim
1339 3023 1442 3088 scribit,
1461 3021 1534 3093 quod
1551 3018 1580 3070 ad

416 3109 490 3160 initia
500 3107 678 3162 Valentiniani
694 3114 779 3177 potest
796 3107 909 3162 cuimodi.
944 3107 1019 3172 Quod
1030 3109 1053 3161 si
1064 3109 1134 3179 prior
1145 3109 1190 3160 illa
1201 3108 1402 3177 interpungendi
1412 3109 1484 3160 ratio
1496 3104 1578 3173 magis

416 3194 534 3260 arrideat,
545 3201 601 3247 tum
612 3194 649 3247 ita
659 3194 793 3248 conciliari
803 3195 854 3247 ista
865 3199 993 3264 poterunt,
1006 3199 1035 3246 ot
1045 3193 1197 3247 Messaliani
1208 3193 1353 3263 superiores
1362 3191 1526 3256 Constantii,
1537 3205 1578 3260 po·

417 3281 536 3334 steriores
545 3279 723 3334 Valentiniani
734 3280 893 3350 temporibus
905 3285 991 3332 ortum
1002 3278 1147 3332 habuerint

484 3364 609 3435 Iosephus
625 3365 744 3434 Scaliger
760 3364 867 3417 lilenchi
878 3381 935 3434 cap.
946 3383 1037 3418 arvus.
1050 3365 1223 3416 Massalianos
1235 3363 1346 3416 Eosdem
1358 3365 1506 3434 appellatos
1523 3375 1577 3414 esse

416 3456 503 3520 potat,
521 3456 548 3503 et
564 3450 598 3501 ab
615 3450 647 3501 iis
664 3450 882 3502 Massaliauorum
894 3455 1066 3519 propagatum
1078 3448 1205 3503 haeresin.
1230 3448 1295 3502 Nam
1307 3449 1399 3502 Esseni
1411 3447 1502 3500 Ἰιέται
1512 3443 1576 3516 apud

416 3534 551 3586 Philonem
560 3538 586 3586 et
593 3533 734 3586 Eusebium
746 3534 920 3586 nominantur.
939 3535 973 3585 et
983 3505 1102 3624 pblblm
1115 3535 1216 3588 Iudaica
1228 3541 1269 3590 est
1278 3533 1371 3601 ἱκέτης,
1383 3533 1494 3604 stipis-nc,
1508 3549 1575 3600 προς·

354 3635 357 3642 ·
417 3619 556 3686 ευχόμενυς.
580 3618 762 3671 coniecturam
778 3617 915 3671 adstruunt
931 3619 1053 3689 pleraque
1065 3620 1283 3674 Massulianorum
1298 3620 1417 3674 instituta
1431 3635 1493 3672 curn
1506 3618 1577 3670 Esse-

417 3702 457 3755 uis
470 3703 632 3766 communia,
644 3709 673 3753 ut
683 3712 784 3772 praeter
793 3703 972 3756 assiduitatem
982 3705 1085 3768 orandi,
1096 3703 1297 3774 proseucharum
1309 3722 1372 3758 usus
1384 3711 1410 3757 et
1421 3705 1448 3758 in
1460 3721 1506 3758 eas
1518 3700 1576 3754 suti

417 3791 571 3851 conventus,
582 3792 638 3838 tum
651 3783 772 3855 ἀντίφωνα
784 3793 810 3840 et
822 3786 893 3856 ᾠδαί,
919 3789 1023 3842 Accedit
1034 3789 1103 3858 quod
1115 3789 1277 3853 Messalinni,
1289 3797 1318 3842 ut
1330 3795 1356 3842 et
1366 3789 1472 3854 Essaei,
1484 3789 1539 3842 suis
1550 3801 1575 3836 se

417 3873 493 3926 bonis
504 3871 666 3926 abdicabant
689 3871 771 3941 Igitur
782 3873 875 3941 partim
887 3873 996 3926 ludaeos
1008 3873 1089 3926 fuisse
1101 3875 1204 3938 statuit,
1222 3875 1290 3943 quod
1305 3875 1338 3928 ab
1350 3875 1455 3934 lisseuis
1468 3870 1573 3932 oriundi,

417 3958 511 4032 partim
526 3957 596 4027 quod
612 3955 846 4010 Pseudochristiani
863 3975 892 4010 se
908 3958 960 4010 illis
978 3958 1189 4022 admiscuissent,
1207 3965 1287 4028 negat
1303 3961 1393 4014 ionae.
1427 3959 1495 4013 Nam
1513 3959 1574 4010 inter

418 4048 519 4100 caetera
529 4043 642 4096 mendici
653 4049 734 4107 erant,
746 4043 835 4112 quales
845 4044 899 4095 reri
909 4041 998 4096 ludaei
1009 4061 1061 4096 non
1074 4049 1154 4106 erant,
1166 4049 1270 4113 propter
1279 4043 1306 4095 τὸ
1317 4042 1470 4112 φιλάλληλον
1480 4057 1573 4102 eorum,

418 4130 488 4202 quod
499 4129 591 4182 divites
601 4146 655 4182 non
666 4130 798 4199 patiuntur
810 4129 941 4181 tenuiores
953 4127 1098 4182 mendicare
1110 4135 1156 4182 ant
1166 4129 1272 4181 esurire.
1289 4129 1358 4182 Haec
1369 4129 1500 4198 Scaliger3
1511 4140 1572 4198 quar

418 4232 435 4269 a
446 4215 561 4270 Serrario
572 4219 660 4267 nostro
671 4216 699 4266 in
710 4213 844 4268 Minervali
857 4213 949 4266 merito
962 4213 1135 4268 confutantur.
1163 4213 1210 4266 Est
1225 4213 1296 4266 enim
1310 4213 1480 4268 fallacissima
1496 4211 1572 4267 noni·

418 4303 459 4355 nis
476 4299 637 4364 coniectura,
653 4305 756 4352 caetera
770 4316 832 4352 vero
849 4299 946 4351 leuiora
963 4313 1042 4368 quam
1053 4305 1083 4352 ut
1093 4315 1142 4352 nos
1154 4298 1187 4351 ab
1199 4297 1336 4369 Epipbeuii
1347 4300 1486 4354 autoritate
1497 4299 1570 4352 dimo·

418 4393 504 4440 reant
534 4385 586 4440 ead
597 4385 662 4438 illud
673 4400 737 4437 sane
748 4385 898 4448 ridiculum,
915 4384 984 4453 quod
994 4383 1128 4436 mendicos
1140 4391 1220 4452 neget
1230 4385 1310 4438 foisse
1322 4385 1439 4438 ludaeos.
1468 4385 1531 4438 Gom
1547 4381 1570 4432 it
1624 4419 1625 4422 =

419 4472 563 4542 euangeliis
574 4477 601 4524 et
612 4471 712 4523 actibus
724 4471 900 4539 apostolorum
917 4469 1037 4538 example
1054 4468 1232 4522 mendicorum
1249 4470 1301 4522 sint
1318 4469 1443 4538 plurima,
1460 4471 1569 4537 interque
1624 4467 1625 4534 l

419 4563 535 4610 caeteros
546 4556 657 4610 mendici
668 4555 772 4619 Lmari,
790 4573 866 4625 quem
883 4571 973 4608 rerum
991 4553 1114 4608 iudaeum
1132 4555 1250 4608 extitisse
1266 4554 1375 4608 inficiari
1391 4571 1468 4608 nemo
1484 4555 1568 4626 potest·
1624 4563 1625 4624 l

420 4641 472 4694 Sed
484 4642 515 4694 de
526 4641 566 4694 hie
578 4643 682 4712 copiose
693 4640 832 4694 Sertorius.

488 4725 578 4790 Μηδενὶ
590 4725 665 4795 μηδὲν
678 4729 889 4794 προσκυνοῦντες]
912 4725 988 4779 Forte
1001 4723 1085 4796 puberi
1097 4725 1130 4778 δέ.
1624 4789 1625 4826 1

437 4835 439 4838 >
487 4804 558 4897 'iusim
568 4808 594 4861 δὲ
603 4810 682 4872 οἴκους
692 4807 785 4870 ἑαυτοῖς
794 4809 1036 4879 κατασκευάσαντες]
1057 4809 1140 4880 Φόρυς
1152 4826 1169 4864 a
1179 4809 1363 4864 recentioribus
1374 4809 1482 4864 Graecis
1493 4810 1568 4864 iorum
