3650 5642
416 597 547 653 CLXXIV

414 753 461 805 ills
468 751 581 806 Wiliridi
590 750 730 821 disputatio
740 748 859 819 pertinet.
876 748 944 803 Nam
956 746 1041 802 Sectis
1053 748 1207 818 exprobrat,
1218 745 1288 817 quod
1300 762 1361 801 cum
1373 746 1400 801 in
1411 762 1470 801 ιιι.
1483 742 1578 816 pescia

416 839 586 901 celebrarent,
602 853 656 890 nou
670 851 730 887 eam
745 840 834 889 tamen
849 852 904 889 ιιι.
916 832 1045 904 paschalis
1056 833 1183 887 rationem
1195 832 1330 897 baberent,
1346 848 1429 901 quam
1442 831 1577 884 Anatolius

414 922 620 992 praescripserat
642 920 691 973 llio
702 920 772 973 enim
783 938 836 973 ιιι.
848 920 921 973 illam
932 916 1079 989 paschalem
1091 918 1220 971 duntaxat
1230 933 1288 970 esse
1298 917 1433 981 soluerat,
1451 930 1535 987 quam
1549 912 1578 965 ad

414 1022 548 1077 vesperam
558 1005 731 1076 plenilunium
742 1006 885 1075 exciperet,
903 1005 951 1057 boo
968 1010 1008 1056 est
1023 1010 1083 1056 aute
1094 1004 1157 1056 solie
1173 1018 1308 1067 occasum
1325 1002 1515 1072 alioquinin,
1531 1015 1579 1051 non

416 1109 468 1145 ιιι.
479 1091 612 1144 diceretur.
647 1092 681 1143 At
696 1090 770 1143 Secti
785 1091 857 1143 nullo
868 1090 1016 1143 istiusmodi
1028 1090 1139 1155 delectu,
1156 1106 1210 1142 ιιι.
1221 1089 1293 1141 illam
1304 1084 1423 1157 paschali
1435 1083 1580 1138 celebritati

315 1192 335 1231 ι·
345 1181 389 1221 ¹⁹⁸·
415 1176 614 1240 consecrabant,
631 1192 698 1246 quae
713 1176 741 1229 in
757 1192 818 1229 eum
833 1175 903 1227 diem
918 1174 1054 1239 incideret,
1070 1180 1130 1245 post
1141 1174 1214 1227 cuius
1225 1178 1311 1227 ortum
1323 1173 1508 1241 subsequente
1519 1168 1579 1221 dun·

415 1267 489 1314 taxat
499 1267 575 1314 nocta
585 1262 758 1331 plenilunium
769 1261 979 1325 committeretur,
995 1266 1182 1330 proptereaque
1199 1274 1252 1311 non
1263 1276 1307 1313 xv.
1320 1258 1396 1321 luna,
1408 1256 1460 1309 sed
1471 1272 1528 1309 ιιι.
1539 1270 1580 1305 ro

330 1342 334 1350 ’
415 1352 522 1410 caretur,
533 1363 566 1399 ea
575 1362 651 1412 vero,
662 1362 716 1416 qua
725 1344 824 1416 pascha
833 1350 967 1415 peractum
978 1345 1074 1409 iuerat,
1086 1362 1143 1399 ιιιι.
1177 1344 1248 1397 Haeo
1260 1349 1301 1396 eat
1312 1343 1419 1397 omnino
1432 1336 1579 1393 dffficillimt'

414 1431 484 1484 illius
495 1432 547 1485 loci
557 1432 698 1496 sententia;
709 1429 851 1484 secuudum
863 1445 942 1499 qusur
951 1431 1087 1483 Anatolins
1097 1429 1390 1499 ressurrecturum
1399 1426 1486 1479 errori
1497 1430 1580 1495 patro·

414 1516 524 1585 eiuatur,
535 1517 597 1569 dum
607 1516 671 1569 illud
683 1517 811 1580 statuitur,
827 1512 978 1585 paschalem
995 1532 1028 1568 ex
1045 1514 1100 1568 eius
1116 1514 1234 1567 instituto
1247 1531 1300 1568 ιιι.
1312 1512 1386 1566 illam
1398 1528 1461 1565 esse
1475 1526 1542 1581 qnae
1554 1508 1578 1560 in

414 1600 585 1670 plenilunium
596 1601 699 1655 desinit.
732 1599 804 1665 Quae
818 1616 888 1653 nova
905 1600 1065 1654 satiatorum
1082 1598 1249 1653 hallucinatio
1267 1604 1293 1651 et
1308 1598 1336 1651 iu
1348 1598 1507 1651 Anatolium
1523 1610 1579 1647 oon·

414 1686 480 1739 ieota
491 1687 630 1741 calumnia.
653 1686 734 1739 Cuius
747 1686 911 1739 occasionem
927 1684 987 1739 inde
1000 1686 1115 1739 oblatam
1126 1684 1251 1755 suspicor,
1269 1682 1410 1753 quodcum
1423 1698 1462 1735 ex
1476 1680 1579 1733 ludaso

414 1786 472 1823 runa
487 1772 620 1842 magistris
635 1772 684 1821 τῶν
700 1769 875 1840 διαβατηρίων,
893 1770 942 1825 boc
961 1777 1000 1824 est
1015 1772 1096 1841 typici
1112 1767 1243 1841 paschatis
1260 1784 1387 1821 canonem
1404 1768 1487 1820 illum
1504 1762 1537 1817 ad
1551 1764 1577 1815 il·

413 1856 574 1911 lustrandam
583 1854 721 1909 Christiani
729 1855 872 1909 doctrinam
881 1854 1013 1927 paschatis
1022 1856 1163 1920 attulisset,
1175 1870 1227 1925 quo
1235 1854 1400 1925 praecipitur,
1412 1858 1447 1907 ut
1455 1868 1513 1906 xrs.
1521 1850 1579 1901 luna

415 1942 447 1994 sd
455 1957 590 2011 vesperam
601 1940 700 2010 pascha
710 1941 861 2005 celebretur,
872 1942 923 1995 sub
934 1943 1020 2011 ipsum
1033 1940 1203 2011 oppositionis
1212 1954 1242 1991 ac
1251 1938 1388 2009 plenilunii
1398 1942 1522 2008 ternpus,
1534 1934 1578 1986 loe

414 2028 452 2079 illi
467 2027 501 2081 ad
511 2025 688 2079 Christianum
702 2024 800 2095 pascha
815 2028 1015 2091 transtulerunt,
1032 2026 1081 2079 rati
1097 2042 1129 2079 ex
1142 2024 1256 2079 Anatolii
1272 2024 1376 2077 decreto
1386 2040 1444 2077 ιιι.
1457 2022 1502 2075 die
1517 2020 1578 2073 cele·

414 2112 484 2165 brari
493 2128 584 2182 posse,
596 2111 737 2181 etquidem
747 2113 876 2165 maturius
887 2128 967 2183 quam
976 2110 1077 2165 ludaeis
1088 2111 1177 2175 liceat,
1189 2110 1259 2181 quod
1268 2114 1309 2162 est
1316 2108 1464 2163 inauditum
1478 2113 1507 2161 et
1514 2108 1577 2159 Ana·

413 2196 476 2249 tolio
487 2212 594 2266 prorsus
604 2196 750 2267 indignum.

605 2350 776 2405 PERGITUR
791 2350 827 2404 ΙΝ
844 2349 1068 2405 EXPLIOANDIS
1087 2348 1245 2405 ANATOLll
1260 2347 1389 2403 VERBIS.

482 2452 534 2507 Sed
544 2453 608 2507 illud
619 2455 647 2507 in
658 2454 773 2507 Anatolii
783 2455 841 2508 loco
852 2454 896 2507 illo
908 2452 1041 2507 difficilius
1053 2458 1106 2519 est,
1122 2452 1191 2523 quod
1203 2452 1275 2505 addit
1285 2452 1326 2504 die
1337 2450 1426 2505 Martii
1436 2466 1486 2503 xx.
1497 2447 1574 2501 solem

414 2554 468 2591 non
481 2544 584 2592 tantum
598 2544 765 2609 segmentum
781 2539 880 2592 zodiaci
895 2540 1007 2609 primum
1024 2540 1172 2609 ingressum
1189 2554 1258 2591 esse:
1277 2534 1333 2588 ἀλλ’
1344 2534 1392 2603 ἤδη
1407 2534 1448 2586 aul
1461 2531 1573 2603 τετάρτην

414 2622 505 2693 ἡμέραν
517 2621 541 2674 ἐν
553 2623 622 2693 αὐτῷ
634 2624 826 2695 διαπορεύεσθαι.
848 2624 984 2678 Ruffinus:
999 2629 1026 2675 s's
1039 2642 1088 2693 quc
1101 2626 1142 2676 dis
1153 2625 1192 2675 sol
1201 2628 1356 2675 temeraretur
1368 2638 1416 2673 acre
1427 2623 1509 2673 mus
1521 2634 1574 2669 cos·

413 2710 659 2778 scendiaseprimaas
666 2720 781 2780 purtem,
797 2728 883 2763 oerum
894 2714 972 2763 etiam
982 2718 1101 2779 quartum
1112 2712 1165 2761 ium
1176 2712 1203 2761 s'a
1221 2726 1248 2761 ce
1265 2710 1307 2760 die
1322 2707 1429 2759 taoeres
1446 2706 1476 2758 id
1495 2708 1534 2757 est
1548 2700 1573 2752 in

413 2793 499 2862 prima
509 2809 542 2845 ex
554 2810 592 2847 ιιι
604 2795 729 2864 partibus.
763 2795 804 2847 lta
818 2794 887 2865 apud
899 2792 999 2847 Bedam
1010 2794 1113 2863 legitur,
1125 2799 1155 2846 ut
1167 2799 1193 2847 et
1203 2794 1230 2846 in
1241 2792 1358 2862 vulgaris
1370 2790 1473 2844 ltuffini
1485 2786 1573 2842 codici·
1626 2770 1627 2843 l

414 2877 471 2931 bns.
506 2877 585 2931 Porro
597 2878 724 2949 Bedaper
735 2888 866 2949 mortum,
883 2879 951 2944 sire,
969 2884 998 2931 ut
1011 2878 1121 2932 subinde
1132 2884 1220 2943 vocat,
1236 2894 1281 2948 per
1293 2879 1429 2947 medeam,
1445 2876 1572 2929 lulianum
1626 2886 1627 2967 ρ

414 2960 584 3033 quadrantem
594 2964 723 3035 intelligit
745 2963 813 3017 llam
824 2978 884 3017 oum
896 2964 936 3017 sol
947 2964 1061 3033 primum
1072 2964 1166 3017 Arietis
1178 2970 1343 3033 segmentum
1353 2960 1508 3031 ingreditur,
1523 2958 1572 3011 iam
1626 2976 1627 3031 ρ

330 3103 334 3111 ,
414 3048 441 3099 in
452 3063 484 3099 ea
495 3046 537 3100 die
547 3048 718 3118 quadrantem
729 3048 848 3103 coniecit.
871 3048 923 3103 Sed
935 3047 999 3103 haec
1010 3050 1187 3119 interpretatio
1199 3048 1319 3101 iocularis
1331 3050 1379 3101 est.
1402 3044 1495 3115 Neque
1507 3042 1572 3096 euim
1626 3080 1627 3157 ρ

416 3132 514 3187 Graeco
528 3134 581 3204 ipsi
597 3136 726 3189 convenit.
758 3134 856 3189 Scribit
866 3136 1003 3189 Anatolius
1015 3130 1129 3205 τετάρτην
1141 3132 1233 3205 ἡμέραν
1245 3131 1269 3185 la
1282 3132 1351 3203 αὐτῷ
1363 3131 1570 3201 trseoproepmo
1626 3166 1627 3209 ρ

413 3218 463 3273 hoc
480 3224 521 3273 est
536 3230 654 3290 mortem
670 3226 725 3274 teas
741 3223 820 3285 diebu
841 3220 1058 3291 quemadmodum
1075 3219 1144 3289 apud
1160 3217 1295 3273 ituilinum
1311 3216 1501 3271 restituendum
1518 3226 1571 3266 esse

414 3306 591 3361 emendatiora
599 3306 728 3377 quaedam
740 3307 900 3377 exemplaria
909 3305 1073 3377 persuadent.
1096 3304 1163 3357 'lum
1178 3302 1240 3356 illud
1255 3300 1279 3355 la
1291 3302 1360 3373 αὐτῷ
1372 3302 1405 3355 ad
1416 3302 1526 3371 τμήματι
1535 3312 1570 3349 rc
1626 3330 1627 3377 l

414 3392 502 3457 fertur,
513 3409 567 3446 non
578 3393 611 3445 ad
622 3390 727 3463 ἡμέραις
739 3397 770 3445 ut
780 3391 872 3445 Latine
883 3390 1079 3461 concipiendum
1092 3390 1138 3453 ait,
1150 3398 1266 3459 quartem
1277 3392 1330 3441 lasa
1341 3392 1369 3439 ln
1380 3405 1411 3439 eu
1423 3389 1498 3439 diere.
1519 3384 1569 3437 llot
1626 3396 1627 3399 ’

414 3478 493 3547 igitur
504 3482 595 3530 censat
605 3476 754 3540 Anatoliue,
770 3476 853 3529 solem
868 3493 906 3530 ιι.
916 3476 973 3531 Kal.
982 3476 1042 3547 Apr.
1055 3481 1176 3544 quartum
1192 3474 1245 3527 iam
1263 3473 1290 3526 in
1305 3474 1389 3543 primo
1406 3472 1514 3542 quelques
1529 3470 1569 3518 τοῦ
1626 3492 1627 3529 ι

415 3560 629 3630 διιδαατηρορῐαυ
640 3560 709 3614 diem
720 3574 806 3629 agere.
837 3558 913 3622 Quod
924 3560 1018 3614 mirum
1029 3558 1093 3613 milri
1104 3559 1212 3613 ridetur.
1243 3557 1310 3611 Nam
1320 3556 1369 3611 hac
1380 3558 1480 3611 ratione
1491 3556 1569 3609 solem
1626 3624 1627 3629 Ἰ

414 3644 574 3697 existimarit
589 3644 703 3713 primum
715 3648 842 3713 punctum
853 3644 948 3697 Arietis
963 3644 1065 3714 ingredi
1080 3661 1133 3699 ιιι.
1145 3644 1202 3698 Kal.
1215 3644 1275 3714 Apr.
1292 3642 1341 3697 hoo
1357 3648 1398 3695 eat
1412 3660 1468 3695 ιιι.
1478 3638 1569 3695 llsrti't

413 3728 454 3781 Ex
465 3744 517 3798 quo
528 3728 593 3781 illud
603 3729 729 3798 auspicari
739 3744 891 3797 possumus,
907 3728 1122 3798 aequinoctialem
1139 3728 1269 3783 cardinem
1280 3746 1334 3783 non
1345 3730 1372 3781 ln
1383 3727 1467 3799 primo
1479 3723 1568 3780 Arietis

414 3819 524 3883 puncto,
535 3814 581 3866 aed
591 3814 619 3866 in
630 3830 665 3867 ra.
677 3812 710 3865 ab
722 3829 753 3865 eo
765 3814 945 3868 coustitutum.
964 3813 1186 3877 Quemadmodum
1194 3820 1294 3868 vetares
1305 3814 1367 3867 olim
1378 3813 1406 3865 in
1416 3829 1474 3867 vrrs.
1485 3812 1568 3881 siguo·
1626 3824 1627 3835 ¹

414 3914 472 3951 rum
488 3903 562 3969 parte
578 3898 690 3951 solstitia
706 3904 734 3950 et
748 3899 914 3967 aequinoctia
929 3896 986 3951 lieri
1003 3899 1142 3970 putabant3
1159 3905 1190 3953 ut
1203 3904 1314 3953 testatur
1329 3898 1427 3953 Plinius
1442 3897 1488 3951 lib.
1497 3910 1565 3949 ιιιιι.

398 3999 470 4053 ,cap
484 4001 558 4048 nu,
574 3992 600 4037 et
611 3984 755 4038 Columella
764 3983 811 4036 lib.
821 4002 858 4038 rx.
873 4000 930 4054 cap.
943 4000 1014 4049 ιιιι.,
1029 4001 1062 4037 ex
1074 3984 1176 4037 Eudoxi
1187 3990 1214 4038 et
1224 3984 1337 4039 Metonis
1347 3983 1444 4047 Partim
1461 3981 1528 4053 qaod
1543 3982 1567 4029 el

415 4070 555 4139 Sosigenes
565 4071 727 4139 persuasisse
739 4068 844 4123 Gaesari
855 4068 964 4123 ridetur.
1000 4069 1067 4123 Nam
1084 4070 1159 4123 initia
1169 4070 1299 4123 mensium
1311 4075 1429 4141 quatuor,
1440 4082 1508 4138 quae
1517 4078 1566 4119 car·

414 4155 517 4209 dinibus
533 4154 655 4224 proxima
670 4161 742 4220 sunt,
760 4154 927 4209 obtusiore
943 4160 1016 4225 parte
1033 4156 1169 4225 signomm
1180 4156 1340 4226 incipiebant
1350 4160 1434 4207 aetate
1445 4150 1566 4206 [laem

414 4240 490 4311 Apud
502 4239 640 4293 Geminum
656 4238 681 4290 el
692 4240 780 4310 sponsi
791 4239 924 4310 χιιραριναὶ
941 4254 973 4291 ex
991 4238 1100 4293 Eudoxo
1118 4244 1208 4309 quarto
1224 4240 1266 4293 die
1283 4240 1451 4309 contingunt,
1468 4254 1501 4291 ex
1519 4250 1565 4305 quo
1626 4266 1627 4293 t

415 4328 454 4379 sol
466 4326 651 4396 Capricornum
661 4325 796 4394 ingressos
808 4330 855 4379 eat
878 4325 913 4377 At
925 4324 1070 4379 seuundum
1081 4324 1267 4379 Euctemonem
1278 4326 1362 4396 primo
1373 4326 1430 4396 ipso
1442 4324 1491 4379 die.
1510 4322 1565 4376 Ver·

414 4427 477 4463 num
494 4418 581 4464 autem
599 4410 791 4480 aequinoctium
807 4414 883 4463 sexto
900 4409 935 4462 ab
952 4410 1073 4479 ingressu
1090 4410 1184 4465 Arietis
1201 4410 1243 4465 die
1265 4410 1407 4465 secundum
1425 4409 1565 4467 Eudoxum.
1626 4478 1627 4481 ρ

315 4524 336 4565 μ
345 4514 388 4559 m,
413 4512 473 4549 cum
484 4514 518 4550 err
530 4496 631 4566 Galippi
641 4501 827 4565 parapegmate
837 4496 921 4565 primo
935 4494 993 4565 ipso
1010 4496 1051 4548 dis
1067 4497 1249 4553 committatur.
1285 4494 1376 4549 Utrum
1388 4510 1448 4549 vero
1460 4494 1527 4547 idem
1537 4490 1564 4542 dc
1626 4482 1627 4487 ’

414 4598 449 4633 rr.
460 4582 595 4651 signorum
607 4586 680 4652 parte
691 4580 742 4632 sibi
752 4581 909 4651 persuaserit
920 4580 1069 4644 Anatoliue,
1081 4580 1250 4650 cogitandum
1261 4581 1373 4651 amplius
1384 4586 1432 4633 ost
1449 4578 1515 4632 Nam
1524 4576 1564 4631 illa

414 4664 501 4718 bedae
510 4668 576 4720 ratio
587 4664 747 4720 nullomodo
758 4666 900 4736 probabilis
911 4671 962 4731 eat,
976 4666 1124 4719 Anatolium
1136 4682 1196 4719 cum
1207 4682 1243 4719 ιι.
1248 4664 1304 4719 llsl.
1311 4666 1371 4735 Apr.
1380 4664 1563 4735 aequinoctium
1626 4662 1627 4703 f

414 4748 484 4820 figit,
499 4750 531 4803 de
541 4752 688 4822 vespertino
699 4750 826 4805 duntaxat
835 4752 921 4821 loqui,
936 4749 986 4803 lroc
1001 4756 1042 4805 est
1052 4751 1084 4804 de
1096 4766 1126 4804 eo
1139 4749 1208 4821 quod
1219 4750 1312 4804 accidit
1322 4764 1382 4805 cum
1394 4751 1457 4803 luna
1467 4750 1516 4803 sub
1527 4762 1562 4801 oc·

415 4850 503 4889 ossum
514 4836 565 4889 soli
576 4838 695 4907 opposita
705 4841 755 4901 est;
773 4842 907 4906 propterea
924 4835 992 4907 quod
1007 4853 1040 4890 ex
1053 4836 1216 4906 antiquorum
1228 4836 1356 4891 sententia
1366 4840 1469 4905 patrum
1480 4832 1563 4889 maleit
1626 4890 1627 4901 ,
