3650 5642
1237 616 1387 673 CXXXVII

227 772 247 825 εἰ
258 772 378 827 dominus
387 772 501 836 dederit,
514 788 549 827 er
561 772 680 827 institute
688 770 844 828 resonantur.
861 772 918 827 lioc
927 773 1054 827 asroloco
1062 777 1189 843 quantum
1197 772 1388 842 adsmceptam

227 858 254 909 do
264 858 412 912 dominicas
420 858 551 929 passionis
563 874 633 912 suno
642 858 821 929 quaestionem
833 874 941 911 necesse
952 858 1013 924 erit,
1024 859 1137 912 emultis
1145 873 1231 929 pauca
1237 858 1386 911 libabimus.

333 1012 382 1067 nn
400 1011 605 1067 runsuonun
621 1012 714 1067 suso
732 1012 864 1066 vnunun
881 994 1060 1067 scrnrcuru
1076 1011 1275 1067 scurnum.

284 1113 354 1168 Nihil
372 1114 419 1169 hic
437 1114 468 1167 de
486 1116 727 1185 antiquissimorum
744 1116 921 1170 Hebraeorum
937 1131 968 1168 ac
985 1114 1190 1186 pstriarcharum
1206 1130 1276 1167 auno
1295 1114 1388 1177 dicam,

228 1201 287 1269 quod
298 1200 330 1253 ad
341 1216 402 1254 rom
418 1206 583 1272 praesentem
598 1200 664 1255 nihil
679 1202 783 1265 attinet,
801 1200 846 1255 sad
863 1200 896 1254 de
910 1201 1047 1255 recentiori
1061 1200 1191 1254 duntsrat
1204 1204 1303 1264 aetste,
1319 1216 1388 1270 quae

228 1284 442 1340 cmmmlem
451 1287 669 1357 aliquotsaeculis
677 1286 823 1340 antecessit.
841 1284 1023 1357 Ouotempors
1031 1286 1234 1350 Alexandream,
1243 1286 1299 1339 siae
1308 1284 1388 1340 Orse-

228 1386 276 1425 caur
286 1372 348 1425 asni
358 1371 478 1425 formam
489 1387 506 1424 a
516 1372 620 1427 ludaeis
631 1372 774 1425 sdmisssm
789 1376 815 1425 et
830 1388 881 1425 usu
892 1372 964 1425 civili
973 1378 1104 1442 receptam
1114 1371 1232 1441 scaliger
1247 1372 1388 1425 arbitratus

228 1464 261 1508 est
272 1457 350 1527 idque
365 1456 576 1529 chronographis
592 1457 793 1511 admiratoribus
805 1457 861 1511 suis
875 1458 996 1511 omnihus
1003 1457 1145 1528 persuasit.
1176 1456 1307 1526 Imprimis
1318 1457 1389 1511 euim

228 1542 265 1597 lob.
276 1542 305 1595 de
315 1542 432 1597 diruend.
444 1560 472 1597 rr.
485 1560 511 1614 p.
522 1543 563 1596 99.
575 1542 614 1595 ed.
627 1544 671 1596 alt
683 1542 786 1607 scribit,
804 1542 928 1608 Iudsocs,
939 1559 1000 1596 oum
1011 1543 1162 1597 neomenias
1173 1540 1223 1593 ἀπὸ
1234 1545 1278 1608 τῆς
1291 1539 1388 1610 φάσεως

228 1626 391 1693 deducerent,
407 1634 516 1700 accepto
532 1628 726 1683 Seleucidsrum
742 1628 805 1699 iugo
823 1644 915 1683 eorum
929 1644 1029 1681 sonum
1044 1633 1072 1680 et
1086 1626 1213 1697 epochsm
1224 1626 1258 1679 ad
1268 1628 1388 1697 politicos

230 1728 281 1765 usus
296 1714 467 1769 transtulisse
484 1730 515 1767 sc
528 1713 789 1783 Syromscsdouicam
801 1714 937 1784 periodum
947 1729 1096 1785 usurpasse
1113 1712 1176 1765 Erat
1183 1710 1248 1765 hoec
1256 1710 1390 1783 Oalippica

229 1814 296 1861 mera,
310 1800 395 1867 cyclis
403 1800 543 1853 histonicis
552 1818 579 1854 rr
591 1804 726 1869 constans,
738 1799 814 1852 annis
823 1816 917 1863 orror,
930 1798 1123 1853 utOcnsorinus
1134 1802 1225 1851 auctor
1235 1802 1285 1862 cst,
1295 1798 1388 1851 diebus

229 1881 308 1937 scits.
331 1882 432 1953 chlus
443 1900 520 1955 porro
532 1883 773 1937 decemnovennalis
785 1882 933 1954 Oalippious
944 1884 1014 1937 idom
1024 1900 1131 1954 prorsus
1141 1888 1199 1937 erat
1208 1898 1269 1937 cum
1279 1883 1389 1948 Iuliano,

229 1966 316 2021 dierum
327 1968 414 2034 8839,
431 1968 486 2023 hor.
499 1968 537 2024 18.
575 1970 627 2023 Sed
645 1986 706 2023 cum
721 1970 857 2041 periodum
873 1986 950 2023 susm
967 1970 1091 2040 Oalippus
1107 1986 1139 2022 co
1155 1967 1304 2023 inchoasset
1317 1984 1387 2023 auno

230 2068 272 2121 quo
286 2054 400 2109 Darium
411 2055 559 2109 Almandsr
574 2055 607 2108 ad
623 2055 719 2109 Arbols
734 2056 809 2117 uicit,
826 2055 930 2125 Olymp.
940 2070 1004 2109 carr.
1016 2072 1086 2109 anuo
1102 2053 1228 2119 secundo,
1245 2054 1301 2107 sire
1311 2052 1389 2123 Iphiti

231 2152 375 2205 ceterum,
392 2157 448 2211 per.
459 2142 508 2195 Iul.
519 2140 607 2205 4888,
623 2142 697 2210 cyclo
708 2142 785 2195 lunoo
797 2157 870 2205 suu,
882 2140 945 2194 aelio
954 2158 1012 2206 uu,
1028 2141 1062 2194 sb
1074 2145 1214 2204 autumno,
1228 2144 1285 2193 ism
1296 2136 1389 2193 Oracoi

231 2223 418 2280 hliacsdonia
434 2242 513 2297 quam
530 2224 753 2296 Spromscedonss
768 2227 797 2279 in
807 2226 871 2280 Asis
883 2226 993 2279 eandem
1008 2226 1082 2279 illam
1096 2225 1197 2279 decimo
1211 2242 1294 2290 norro,
1308 2240 1388 2295 quam

232 2308 353 2382 eOalippo
366 2312 520 2383 excogitato
529 2312 627 2376 iuerat,
644 2328 713 2366 anno
729 2313 921 2377 instaurarunt,
937 2312 1074 2365 duodecim
1090 2312 1166 2365 aunis
1177 2316 1237 2382 post
1247 2311 1390 2367 Alexandri
1449 2355 1452 2362 .

232 2402 341 2462 nonem,
352 2398 456 2469 periodi
466 2399 514 2454 lul.
521 2398 606 2463 4402..
617 2398 690 2467 cyclo
701 2400 779 2451 lunae
789 2416 854 2463 xm,
865 2399 929 2451 solis
936 2415 981 2463 rr,
992 2414 1102 2467 eamque
1111 2414 1127 2450 s
1135 2397 1389 2467 Syromaoedonibus

233 2478 353 2549 Chddsei,
365 2482 470 2546 ludsei,
480 2484 626 2554 liagaroni,
639 2484 737 2539 Arabos
747 2484 870 2537 traditum
881 2489 1044 2555 acceperunt.
1062 2482 1221 2537 Iudseiroro
1230 2498 1318 2538 aeram
1327 2500 1388 2537 eou-

233 2572 349 2623 tractuum
364 2574 491 2632 mum
507 2574 579 2655 ΓΜ
595 2571 676 2640 vulgo
688 2574 848 2641 nuncupant.
882 2570 913 2623 Iu
924 2570 1142 2623 Maccahaeorum
1151 2568 1225 2622 libris
1235 2570 1298 2623 anui
1309 2569 1388 2623 Orac·
1428 2559 1433 2567 ¹

233 2674 308 2715 corum
319 2664 494 2735 appellantur,
505 2664 635 2735 iidemque
646 2664 840 2718 Seleucidarum
852 2664 926 2731 dicti,
938 2665 1009 2735 quod
1020 2664 1111 2718 codem
1123 2680 1193 2717 anno
1204 2679 1256 2734 quo
1266 2664 1388 2735 periodus

235 2744 269 2798 ilh
277 2748 331 2801 iniit
339 2748 469 2803 Seleucus
478 2748 613 2819 Babylone
624 2756 776 2821 recuperata
785 2766 919 2821 emergere
927 2756 1006 2821 atquo
1016 2750 1155 2821 imperium
1166 2750 1282 2803 stsbilire
1292 2750 1387 2821 coepit.

288 2832 398 2888 hunnis
415 2836 479 2887 anui
493 2834 587 2889 modus
605 2840 645 2889 est
660 2836 759 2889 dierum
775 2835 839 2901 354,
855 2835 885 2901 8,
906 2832 962 2901 5'3,
979 2832 1017 2887 6''
1031 2837 1100 2907 ”sm
1119 2835 1219 2889 mensis
1230 2836 1272 2889 29.
1286 2836 1325 2888 12.
1336 2831 1389 2889 44'.

236 2913 275 2967 25¹¹
286 2918 350 2989 Ὗ...
382 2920 455 2973 Anni
466 2921 622 2991 principium
633 2922 667 2974 ab
679 2926 806 2975 cutumno
821 2921 964 2992 etquidem
976 2921 1096 2975 Octobris
1106 2938 1153 2976 vu.
1185 2918 1252 2975 Nam
1264 2920 1390 2992 Tekupha

236 3000 290 3055 lissi
299 3004 391 3058 incidit
402 3006 431 3059 in
443 3004 564 3059 Octobris
575 3024 634 3060 rrn:
650 3007 695 3075 qui
706 3006 761 3061 diss
773 3008 873 3077 primns
885 3012 942 3061 erat
952 3007 1014 3060 amri
1025 3007 1125 3061 solaris.
1159 3004 1228 3060 Num
1239 3011 1266 3060 ot
1276 3005 1389 3061 solarem

237 3092 355 3153 pnstsrea
372 3105 473 3144 anuum
491 3091 677 3160 obserrobant,
695 3096 725 3145 ut
740 3092 769 3145 in
786 3092 875 3147 libro.
889 3093 921 3145 de
932 3092 1040 3147 Emend.
1056 3093 1157 3157 scribit,
1178 3093 1252 3146 cuius
1269 3092 1389 3145 bisextus

237 3178 284 3225 aro
298 3175 412 3243 primum
423 3176 493 3229 Tisri
505 3192 551 3232 vrr.
567 3176 686 3229 Octobris
700 3176 883 3231 infiudebstur.
919 3177 971 3230 Sed
987 3182 1080 3246 postes
1095 3178 1221 3230 translato
1236 3177 1265 3229 in
1279 3192 1389 3231 romum

238 3261 323 3329 icrrpus
333 3261 410 3315 initio
422 3262 491 3315 iuter
501 3262 613 3333 primum
623 3268 649 3315 et
657 3262 800 3317 secundam
809 3261 905 3332 Aprilis
914 3262 1027 3315 insertus
1039 3268 1087 3315 est
1109 3261 1204 3315 Postea
1214 3261 1316 3315 doliana
1326 3263 1389 3317 anni

238 3341 308 3397 lorma
322 3352 441 3417 recepta,
458 3348 526 3401 inter
543 3364 605 3401 xus.
623 3352 650 3401 et
661 3364 733 3402 surr.
745 3348 834 3401 ldurtii
850 3346 1019 3401 intercalatus
1036 3354 1077 3400 est
1092 3346 1156 3401 dies.
1191 3348 1273 3417 Igitur
1289 3349 1389 3401 lunaris

238 3430 287 3481 anni
297 3431 433 3503 dispositio
445 3432 514 3503 apud
525 3432 635 3486 Iudaeos
645 3432 892 3501 Syromscedonicc,
904 3432 960 3486 sivo
970 3432 1114 3504 Oslippica,
1126 3432 1188 3497 luit,
1200 3433 1274 3487 euius
1283 3433 1389 3489 initium

240 3513 265 3565 ab
274 3514 387 3571 Octobris
401 3535 448 3573 vn.
925 3558 932 3570 .

292 3602 387 3657 Verum
399 3618 459 3657 cum
472 3604 559 3673 cyclus
572 3602 720 3675 Oalippious
732 3603 830 3657 lunaris
841 3603 911 3657 idem
923 3609 964 3657 est
974 3619 1034 3658 cum
1045 3603 1160 3670 iuliano,
1176 3605 1293 3659 lunarem
1304 3604 1389 3661 ludai-

240 3698 297 3749 turu,
316 3704 394 3758 quern
410 3689 576 3743 verissimum
591 3694 668 3759 putet
684 3688 809 3759 Scsliger,
827 3688 936 3743 excedat
951 3689 1021 3744 horis
1032 3690 1070 3756 5.,
1090 3706 1176 3761 semp.
1193 3690 1306 3745 Iudaicis
1321 3692 1389 3757 760,

240 3772 349 3836 quonism
360 3772 429 3843 cycli
440 3772 684 3829 decemnovennalis
696 3790 821 3829 excessus
833 3780 874 3827 cst
885 3774 940 3829 hor.
952 3776 974 3828 1.
985 3775 1048 3841 485,
1059 3782 1121 3847 pest
1130 3777 1218 3847 cyclos
1229 3792 1291 3830 vero
1302 3777 1390 3849 Oalip·

240 3854 297 3920 ploos
308 3874 354 3924 ru,
371 3859 419 3929 qui
435 3858 628 3929 liippsrcheom
645 3876 727 3913 unum
738 3860 849 3925 fuciunt,
867 3861 900 3914 sd
916 3858 993 3915 horas
1006 3860 1047 3914 22.
1058 3862 1122 3927 880,
1138 3861 1188 3914 Ιιοο
1204 3867 1245 3915 ost
1254 3862 1309 3916 iere
1320 3864 1389 3917 mem

241 3940 335 3997 solidum
345 3960 473 3999 excessus
483 3944 526 3997 ille
537 3944 685 4015 perveniat,
696 3944 785 3997 ludsei
796 3946 924 4015 pauletim
934 3946 1021 3999 labom
1032 3948 1095 3999 anni
1106 3947 1148 3999 sui
1156 3946 1387 4017 deprehenderunt.
1414 3966 1436 4006 o·
1445 3955 1487 3997 lac

241 4022 326 4081 iterim
336 4028 498 4099 Oalippioam
514 4029 594 4083 istoru
601 4029 724 4083 dormitm
735 4030 768 4083 sd
780 4045 877 4083 ennum
890 4030 988 4084 Ohrlsti
998 4031 1056 4085 844.
1067 4032 1242 4097 retinuerunt,
1259 4040 1291 4086 ut
1300 4035 1345 4089 lib.
1354 4034 1387 4086 ll.

242 4108 372 4168 dollmeud.
385 4115 513 4184 scripturn
524 4120 572 4167 ost
596 4112 671 4169 Olros
681 4113 751 4169 hunc
766 4130 864 4169 snnnm
875 4132 937 4169 vero
954 4116 1025 4169 bidui
1035 4116 1128 4167 vitium
1144 4117 1388 4182 animadverterunt,

242 4210 287 4249 tum
301 4198 352 4253 ism
367 4200 401 4253 ab
418 4200 493 4253 initio
505 4198 702 4253 Ssleucidarum
719 4216 804 4254 sunus
816 4200 873 4254 656.
885 4200 1021 4265 iuberetur,
1038 4200 1084 4269 qui
1100 4205 1141 4253 cst
1151 4218 1243 4255 rnerrr.
1254 4208 1316 4271 post
1326 4202 1387 4272 liip-

243 4280 348 4346 parcheas
362 4282 483 4355 periodos
498 4282 571 4341 duas.
595 4284 686 4355 ltaque
699 4301 758 4339 curu
767 4286 835 4339 'l'isri
843 4286 998 4338 Iudaeorum
1007 4284 1187 4340 Alexandreus
1198 4292 1270 4340 esset
1279 4287 1307 4338 in
1315 4303 1387 4340 mr.

243 4362 298 4435 Sept
308 4368 371 4423 ieris
381 4386 432 4433 rv.,
448 4386 482 4423 su
499 4370 654 4441 epilogismo
671 4369 810 4435 hodierno,
828 4370 883 4424 sive
899 4370 986 4423 lunsri
996 4367 1101 4439 ἀκριβοῖ,
1117 4370 1249 4425 character
1260 4370 1351 4425 erati.
1363 4372 1388 4435 4,

244 4448 288 4506 tic.
299 4453 366 4526 Sept
378 4472 450 4509 mv.
473 4454 517 4507 an
528 4456 600 4508 dchcs
611 4456 689 4509 hidrei.
713 4456 832 4509 Nondum
844 4460 908 4509 seim
919 4459 1043 4508 rationem
1054 4455 1218 4527 Oalippious»
1229 4457 1260 4508 dc
1269 4456 1330 4508 sede
1340 4474 1389 4510 aaa

243 4536 418 4593 sdicitcoerm
425 4540 531 4605 Indum,
543 4542 652 4594 sedeam
662 4540 747 4593 adhuc
762 4542 909 4593 incolomem
918 4552 1092 4595 scrocccroot.
1115 4542 1180 4596 Sero
1190 4541 1272 4611 igitur
1282 4541 1389 4596 taudem

245 4634 311 4677 erroro
328 4625 446 4697 cognito,
463 4624 581 4679 adhiblts
596 4626 624 4679 iu
636 4626 765 4679 auxilium
782 4626 939 4696 astrologia,
955 4641 1016 4678 eum
1032 4642 1132 4681 annum
1146 4626 1316 4680 instituerunt
1335 4644 1387 4697 quo

246 4712 331 4764 emin
341 4710 426 4766 hodie.
461 4708 638 4775 Quamobrem
655 4727 689 4764 ex
707 4712 829 4783 opinione
841 4710 969 4780 scaligeri
984 4726 1070 4765 annus
1081 4713 1126 4767 ille
1138 4710 1388 4779 syromaccdonicus

247 4794 440 4851 eslexmmem
452 4794 600 4867 Oalippious
611 4812 665 4850 non
676 4798 762 4851 solum
774 4797 822 4849 sub
834 4797 922 4866 ipsum
932 4797 1064 4865 psssionls
1074 4803 1189 4867 tempus,
1205 4799 1387 4852 verumetiam

248 4872 279 4929 diu
286 4886 371 4950 postea
381 4880 451 4953 apud
461 4880 572 4937 ludaeos
584 4880 703 4936 obtinuit
738 4881 790 4935 Sed
806 4880 897 4935 eodem
913 4881 942 4934 in
954 4896 1031 4952 opere
1042 4881 1075 4936 de
1086 4879 1273 4937 Emendationis
1284 4890 1387 4939 senteu-
