<?xml version="1.0" encoding="UTF-8"?>
<!DOCTYPE html PUBLIC "-//W3C//DTD XHTML 1.0 Transitional//EN"
    "http://www.w3.org/TR/xhtml1/DTD/xhtml1-transitional.dtd">
<html xmlns="http://www.w3.org/1999/xhtml" xml:lang="en" lang="en">
 <head>
  <title>
</title>
<meta http-equiv="Content-Type" content="text/html;charset=utf-8" />
  <meta name='ocr-system' content='tesseract 3.04.00' />
  <meta name='ocr-capabilities' content='ocr_page ocr_carea ocr_par ocr_line ocrx_word'/>
</head>
<body>
  <div class='ocr_page' id='page_1' title='image "./sepiphaniiepisc00epipgoog_0080.png"; bbox 0 0 3650 5642; ppageno 0'>
   <div class='ocr_carea' id='block_1_1' title="bbox 455 587 540 644">
    <p class='ocr_par' dir='ltr' id='par_1_1' title="bbox 455 587 540 644">
     <span class='ocr_line' id='line_1_1' title="bbox 455 587 540 644; baseline 0 0"><span class='ocrx_word' id='word_1_1' title='bbox 455 587 540 644; x_wconf 79' lang='lat' dir='ltr'>LXVI</span> 
     </span>
    </p>
   </div>
   <div class='ocr_carea' id='block_1_2' title="bbox 412 741 1603 4146">
    <p class='ocr_par' dir='ltr' id='par_1_2' title="bbox 455 741 1588 899">
     <span class='ocr_line' id='line_1_2' title="bbox 455 741 1588 818; baseline 0.002 -23"><span class='ocrx_word' id='word_1_2' title='bbox 455 746 627 812; x_wconf 40' lang='lat' dir='ltr'><strong>&amp;semotam</strong></span> <span class='ocrx_word' id='word_1_3' title='bbox 638 757 669 796; x_wconf 82' lang='lat' dir='ltr'><strong>ac</strong></span> <span class='ocrx_word' id='word_1_4' title='bbox 679 742 793 813; x_wconf 85' lang='lat' dir='ltr'><strong>figuram</strong></span> <span class='ocrx_word' id='word_1_5' title='bbox 804 741 945 814; x_wconf 79' lang='lat' dir='ltr'><strong>significat.</strong></span> <span class='ocrx_word' id='word_1_6' title='bbox 972 741 1045 798; x_wconf 89' lang='lat' dir='ltr'><strong>Unde</strong></span> <span class='ocrx_word' id='word_1_7' title='bbox 1056 743 1168 816; x_wconf 75' lang='lat' dir='ltr'><strong>iusIgnis</strong></span> <span class='ocrx_word' id='word_1_8' title='bbox 1180 759 1316 810; x_wconf 86' lang='lat' dir='ltr'><strong>numerus,</strong></span> <span class='ocrx_word' id='word_1_9' title='bbox 1331 744 1377 816; x_wconf 83' lang='lat' dir='ltr'><strong>qui</strong></span> <span class='ocrx_word' id='word_1_10' title='bbox 1387 744 1493 818; x_wconf 88' lang='lat' dir='ltr'><strong>insigni,</strong></span> <span class='ocrx_word' id='word_1_11' title='bbox 1507 743 1549 798; x_wconf 88' lang='lat' dir='ltr'><strong>boc</strong></span> <span class='ocrx_word' id='word_1_12' title='bbox 1558 747 1588 796; x_wconf 85' lang='lat' dir='ltr'><strong>est</strong></span> 
     </span>
     <span class='ocr_line' id='line_1_3' title="bbox 455 829 933 899; baseline 0.006 -19"><span class='ocrx_word' id='word_1_13' title='bbox 455 829 583 899; x_wconf 91' lang='lat' dir='ltr'><strong>episemo,</strong></span> <span class='ocrx_word' id='word_1_14' title='bbox 594 829 650 882; x_wconf 78' lang='lat' dir='ltr'><strong>sive</strong></span> <span class='ocrx_word' id='word_1_15' title='bbox 660 833 725 882; x_wconf 80' lang='lat' dir='ltr'><strong>nota</strong></span> <span class='ocrx_word' id='word_1_16' title='bbox 735 829 848 899; x_wconf 77' lang='lat' dir='ltr'><strong>exprimi</strong></span> <span class='ocrx_word' id='word_1_17' title='bbox 858 830 933 883; x_wconf 89' lang='lat' dir='ltr'><strong>solet.</strong></span> 
     </span>
    </p>

    <p class='ocr_par' dir='ltr' id='par_1_3' title="bbox 454 911 1590 1157">
     <span class='ocr_line' id='line_1_4' title="bbox 523 911 1589 998; baseline 0 -34"><span class='ocrx_word' id='word_1_18' title='bbox 523 912 639 965; x_wconf 74' lang='lat' dir='ltr'><strong>&#39;i&#39;cordcrs</strong></span> <span class='ocrx_word' id='word_1_19' title='bbox 650 913 679 965; x_wconf 81' lang='lat' dir='ltr'><strong>rb</strong></span> <span class='ocrx_word' id='word_1_20' title='bbox 691 911 835 986; x_wconf 76' lang='lat' dir='ltr'><strong>bsrtpqpu]</strong></span> <span class='ocrx_word' id='word_1_21' title='bbox 856 914 927 968; x_wconf 86' lang='lat' dir='ltr'><strong>liaeo</strong></span> <span class='ocrx_word' id='word_1_22' title='bbox 943 931 977 968; x_wconf 81' lang='lat' dir='ltr'><strong>ex</strong></span> <span class='ocrx_word' id='word_1_23' title='bbox 988 913 1060 998; x_wconf 78' lang='lat' dir='ltr'><strong>Beda</strong></span> <span class='ocrx_word' id='word_1_24' title='bbox 1073 915 1117 968; x_wconf 89' lang='lat' dir='ltr'><strong>lib.</strong></span> <span class='ocrx_word' id='word_1_25' title='bbox 1130 914 1161 968; x_wconf 95' lang='lat' dir='ltr'><strong>de</strong></span> <span class='ocrx_word' id='word_1_26' title='bbox 1172 914 1289 986; x_wconf 86' lang='lat' dir='ltr'><strong>Loquela</strong></span> <span class='ocrx_word' id='word_1_27' title='bbox 1298 931 1343 986; x_wconf 89' lang='lat' dir='ltr'><strong>per</strong></span> <span class='ocrx_word' id='word_1_28' title='bbox 1355 913 1466 970; x_wconf 82' lang='lat' dir='ltr'><strong>Sestum</strong></span> <span class='ocrx_word' id='word_1_29' title='bbox 1474 914 1589 982; x_wconf 69' lang='lat' dir='ltr'><strong>inbiiigss.</strong></span> 
     </span>
     <span class='ocr_line' id='line_1_5' title="bbox 455 997 1590 1072; baseline -0.004 -20"><span class='ocrx_word' id='word_1_30' title='bbox 455 997 506 1052; x_wconf 91' lang='lat' dir='ltr'><strong>Ubi</strong></span> <span class='ocrx_word' id='word_1_31' title='bbox 513 999 620 1054; x_wconf 89' lang='lat' dir='ltr'><strong>Veteres</strong></span> <span class='ocrx_word' id='word_1_32' title='bbox 632 999 709 1053; x_wconf 91' lang='lat' dir='ltr'><strong>docet</strong></span> <span class='ocrx_word' id='word_1_33' title='bbox 718 999 751 1052; x_wconf 88' lang='lat' dir='ltr'><strong>ad</strong></span> <span class='ocrx_word' id='word_1_34' title='bbox 759 1015 824 1054; x_wconf 77' lang='lat' dir='ltr'><strong>xcix</strong></span> <span class='ocrx_word' id='word_1_35' title='bbox 835 1015 919 1070; x_wconf 90' lang='lat' dir='ltr'><strong>usque</strong></span> <span class='ocrx_word' id='word_1_36' title='bbox 928 999 1047 1052; x_wconf 75' lang='lat' dir='ltr'><strong>sinistrae</strong></span> <span class='ocrx_word' id='word_1_37' title='bbox 1059 1016 1153 1054; x_wconf 90' lang='lat' dir='ltr'><strong>manus</strong></span> <span class='ocrx_word' id='word_1_38' title='bbox 1162 1001 1251 1072; x_wconf 82' lang='lat' dir='ltr'><strong>digitis</strong></span> <span class='ocrx_word' id='word_1_39' title='bbox 1262 1014 1428 1066; x_wconf 84' lang='lat' dir='ltr'><strong>numerasse,</strong></span> <span class='ocrx_word' id='word_1_40' title='bbox 1440 1005 1535 1055; x_wconf 84' lang='lat' dir='ltr'><strong>cantum</strong></span> <span class='ocrx_word' id='word_1_41' title='bbox 1545 1014 1590 1050; x_wconf 83' lang='lat' dir='ltr'><strong>rere</strong></span> 
     </span>
     <span class='ocr_line' id='line_1_6' title="bbox 454 1084 1213 1157; baseline 0 -19"><span class='ocrx_word' id='word_1_42' title='bbox 454 1085 621 1155; x_wconf 89' lang='lat' dir='ltr'><strong>reliquosque</strong></span> <span class='ocrx_word' id='word_1_43' title='bbox 631 1084 753 1155; x_wconf 79' lang='lat' dir='ltr'><strong>deinceps</strong></span> <span class='ocrx_word' id='word_1_44' title='bbox 765 1085 928 1139; x_wconf 87' lang='lat' dir='ltr'><strong>centenarios</strong></span> <span class='ocrx_word' id='word_1_45' title='bbox 937 1084 1029 1138; x_wconf 82' lang='lat' dir='ltr'><strong>dextre</strong></span> <span class='ocrx_word' id='word_1_46' title='bbox 1040 1092 1213 1157; x_wconf 84' lang='lat' dir='ltr'><strong>computasse.</strong></span> 
     </span>
    </p>

    <p class='ocr_par' dir='ltr' id='par_1_4' title="bbox 456 1166 1593 1320">
     <span class='ocr_line' id='line_1_7' title="bbox 522 1166 1593 1241; baseline 0.001 -17"><span class='ocrx_word' id='word_1_47' title='bbox 522 1169 554 1225; x_wconf 87' lang='lat' dir='ltr'><strong>N.</strong></span> <span class='ocrx_word' id='word_1_48' title='bbox 565 1188 619 1224; x_wconf 79' lang='lat' dir='ltr'><strong>xrs.</strong></span> <span class='ocrx_word' id='word_1_49' title='bbox 643 1169 689 1222; x_wconf 83' lang='lat' dir='ltr'><strong>ilai</strong></span> <span class='ocrx_word' id='word_1_50' title='bbox 700 1167 751 1224; x_wconf 71' lang='grc' dir='ltr'><strong>ἐπεὶ</strong></span> <span class='ocrx_word' id='word_1_51' title='bbox 762 1168 960 1241; x_wconf 72' lang='grc' dir='ltr'>ἀντεπιζεύχθη]</span> <span class='ocrx_word' id='word_1_52' title='bbox 982 1171 1039 1236; x_wconf 86' lang='lat' dir='ltr'><strong>Quo</strong></span> <span class='ocrx_word' id='word_1_53' title='bbox 1051 1172 1174 1226; x_wconf 81' lang='lat' dir='ltr'><strong>sincerior</strong></span> <span class='ocrx_word' id='word_1_54' title='bbox 1185 1171 1226 1225; x_wconf 82' lang='lat' dir='ltr'><strong>laic</strong></span> <span class='ocrx_word' id='word_1_55' title='bbox 1240 1171 1313 1226; x_wconf 86' lang='lat' dir='ltr'><strong>locas</strong></span> <span class='ocrx_word' id='word_1_56' title='bbox 1330 1173 1441 1238; x_wconf 86' lang='lat' dir='ltr'><strong>existat,</strong></span> <span class='ocrx_word' id='word_1_57' title='bbox 1455 1171 1533 1226; x_wconf 88' lang='lat' dir='ltr'><strong>scribo</strong></span> <span class='ocrx_word' id='word_1_58' title='bbox 1545 1166 1593 1236; x_wconf 64' lang='grc' dir='ltr'><strong>πρὸς</strong></span> 
     </span>
     <span class='ocr_line' id='line_1_8' title="bbox 456 1253 646 1320; baseline -0.005 -13"><span class='ocrx_word' id='word_1_59' title='bbox 456 1255 498 1320; x_wconf 74' lang='lat' dir='ltr'><strong>riis</strong></span> <span class='ocrx_word' id='word_1_60' title='bbox 511 1257 560 1307; x_wconf 81' lang='grc' dir='ltr'><strong>τῶν</strong></span> <span class='ocrx_word' id='word_1_61' title='bbox 572 1253 646 1307; x_wconf 69' lang='grc' dir='ltr'>ὅλων.</span> 
     </span>
    </p>

    <p class='ocr_par' dir='ltr' id='par_1_5' title="bbox 454 1337 1596 1838">
     <span class='ocr_line' id='line_1_9' title="bbox 523 1337 1595 1414; baseline 0 -22"><span class='ocrx_word' id='word_1_62' title='bbox 523 1339 573 1402; x_wconf 72' lang='grc' dir='ltr'><strong>Τὰς</strong></span> <span class='ocrx_word' id='word_1_63' title='bbox 589 1339 616 1392; x_wconf 78' lang='lat' dir='ltr'><strong>ot</strong></span> <span class='ocrx_word' id='word_1_64' title='bbox 627 1339 719 1412; x_wconf 71' lang='grc' dir='ltr'>ἡμέρας</span> <span class='ocrx_word' id='word_1_65' title='bbox 731 1339 791 1394; x_wconf 71' lang='grc' dir='ltr'><strong>δέκα</strong></span> <span class='ocrx_word' id='word_1_66' title='bbox 802 1341 847 1394; x_wconf 77' lang='lat' dir='ltr'><strong>tta</strong></span> <span class='ocrx_word' id='word_1_67' title='bbox 859 1337 951 1412; x_wconf 82' lang='grc' dir='ltr'>ὧρῶν.]</span> <span class='ocrx_word' id='word_1_68' title='bbox 975 1341 1045 1396; x_wconf 86' lang='lat' dir='ltr'><strong>Hora</strong></span> <span class='ocrx_word' id='word_1_69' title='bbox 1061 1341 1130 1414; x_wconf 85' lang='lat' dir='ltr'><strong>apud</strong></span> <span class='ocrx_word' id='word_1_70' title='bbox 1145 1341 1319 1414; x_wconf 82' lang='lat' dir='ltr'><strong>Epiphaniam</strong></span> <span class='ocrx_word' id='word_1_71' title='bbox 1335 1343 1402 1398; x_wconf 82' lang='lat' dir='ltr'><strong>duas</strong></span> <span class='ocrx_word' id='word_1_72' title='bbox 1417 1337 1595 1414; x_wconf 80' lang='lat' dir='ltr'><strong>aequinoctiales</strong></span> 
     </span>
     <span class='ocr_line' id='line_1_10' title="bbox 455 1423 1595 1500; baseline 0.005 -21"><span class='ocrx_word' id='word_1_73' title='bbox 455 1427 583 1492; x_wconf 91' lang='lat' dir='ltr'><strong>continet,</strong></span> <span class='ocrx_word' id='word_1_74' title='bbox 599 1431 629 1479; x_wconf 91' lang='lat' dir='ltr'><strong>nt</strong></span> <span class='ocrx_word' id='word_1_75' title='bbox 646 1427 739 1482; x_wconf 86' lang='lat' dir='ltr'><strong>etalio</strong></span> <span class='ocrx_word' id='word_1_76' title='bbox 756 1428 814 1480; x_wconf 92' lang='lat' dir='ltr'><strong>loco</strong></span> <span class='ocrx_word' id='word_1_77' title='bbox 830 1426 975 1480; x_wconf 77' lang='lat' dir='ltr'><strong>evidentius</strong></span> <span class='ocrx_word' id='word_1_78' title='bbox 987 1427 1092 1482; x_wconf 86' lang='lat' dir='ltr'><strong>indicat</strong></span> <span class='ocrx_word' id='word_1_79' title='bbox 1116 1427 1172 1480; x_wconf 88' lang='lat' dir='ltr'><strong>iam</strong></span> <span class='ocrx_word' id='word_1_80' title='bbox 1184 1427 1254 1498; x_wconf 93' lang='lat' dir='ltr'><strong>quod</strong></span> <span class='ocrx_word' id='word_1_81' title='bbox 1264 1425 1343 1484; x_wconf 89' lang='lat' dir='ltr'><strong>horae</strong></span> <span class='ocrx_word' id='word_1_82' title='bbox 1356 1447 1411 1484; x_wconf 81' lang='lat' dir='ltr'><strong>xxx</strong></span> <span class='ocrx_word' id='word_1_83' title='bbox 1424 1427 1506 1500; x_wconf 70' lang='grc' dir='ltr'>μοίρας</span> <span class='ocrx_word' id='word_1_84' title='bbox 1516 1423 1595 1484; x_wconf 75' lang='lat' dir='ltr'><strong>trient,</strong></span> 
     </span>
     <span class='ocr_line' id='line_1_11' title="bbox 455 1507 1595 1584; baseline -0.001 -20"><span class='ocrx_word' id='word_1_85' title='bbox 455 1511 493 1564; x_wconf 93' lang='lat' dir='ltr'><strong>sic</strong></span> <span class='ocrx_word' id='word_1_86' title='bbox 504 1511 616 1582; x_wconf 86' lang='lat' dir='ltr'><strong>intelligi</strong></span> <span class='ocrx_word' id='word_1_87' title='bbox 627 1518 722 1584; x_wconf 87' lang='lat' dir='ltr'><strong>potest</strong></span> <span class='ocrx_word' id='word_1_88' title='bbox 745 1511 792 1566; x_wconf 90' lang='lat' dir='ltr'><strong>Sol</strong></span> <span class='ocrx_word' id='word_1_89' title='bbox 803 1511 894 1565; x_wconf 90' lang='lat' dir='ltr'><strong>diebus</strong></span> <span class='ocrx_word' id='word_1_90' title='bbox 906 1512 1017 1582; x_wconf 87' lang='lat' dir='ltr'><strong>singulis</strong></span> <span class='ocrx_word' id='word_1_91' title='bbox 1029 1511 1077 1566; x_wconf 89' lang='lat' dir='ltr'><strong>hoc</strong></span> <span class='ocrx_word' id='word_1_92' title='bbox 1089 1519 1130 1565; x_wconf 90' lang='lat' dir='ltr'><strong>est</strong></span> <span class='ocrx_word' id='word_1_93' title='bbox 1141 1531 1179 1568; x_wconf 84' lang='lat' dir='ltr'><strong>xrs</strong></span> <span class='ocrx_word' id='word_1_94' title='bbox 1190 1511 1273 1579; x_wconf 88' lang='lat' dir='ltr'><strong>horis,</strong></span> <span class='ocrx_word' id='word_1_95' title='bbox 1291 1515 1332 1568; x_wconf 80' lang='lat' dir='ltr'><strong>rei</strong></span> <span class='ocrx_word' id='word_1_96' title='bbox 1344 1533 1418 1580; x_wconf 76' lang='lat' dir='ltr'><strong>uss,</strong></span> <span class='ocrx_word' id='word_1_97' title='bbox 1434 1511 1550 1568; x_wconf 58' lang='lat' dir='ltr'><strong>mulum</strong></span> <span class='ocrx_word' id='word_1_98' title='bbox 1563 1507 1595 1560; x_wconf 76' lang='lat' dir='ltr'><strong>de</strong></span> 
     </span>
     <span class='ocr_line' id='line_1_12' title="bbox 454 1595 1596 1670; baseline -0.007 -18"><span class='ocrx_word' id='word_1_99' title='bbox 454 1597 555 1662; x_wconf 87' lang='lat' dir='ltr'><strong>scribit,</strong></span> <span class='ocrx_word' id='word_1_100' title='bbox 568 1598 613 1668; x_wconf 92' lang='lat' dir='ltr'><strong>qui</strong></span> <span class='ocrx_word' id='word_1_101' title='bbox 624 1597 652 1650; x_wconf 92' lang='lat' dir='ltr'><strong>in</strong></span> <span class='ocrx_word' id='word_1_102' title='bbox 661 1615 700 1652; x_wconf 78' lang='lat' dir='ltr'><strong>arr</strong></span> <span class='ocrx_word' id='word_1_103' title='bbox 710 1603 797 1669; x_wconf 85' lang='lat' dir='ltr'><strong>partes</strong></span> <span class='ocrx_word' id='word_1_104' title='bbox 808 1597 959 1651; x_wconf 74' lang='lat' dir='ltr'><strong>tricenariae</strong></span> <span class='ocrx_word' id='word_1_105' title='bbox 969 1597 1066 1652; x_wconf 80' lang='lat' dir='ltr'><strong>divisus</strong></span> <span class='ocrx_word' id='word_1_106' title='bbox 1078 1597 1203 1670; x_wconf 87' lang='lat' dir='ltr'><strong>gradibus</strong></span> <span class='ocrx_word' id='word_1_107' title='bbox 1216 1605 1319 1652; x_wconf 89' lang='lat' dir='ltr'><strong>constat</strong></span> <span class='ocrx_word' id='word_1_108' title='bbox 1327 1615 1426 1654; x_wconf 78' lang='lat' dir='ltr'><strong>occur.</strong></span> <span class='ocrx_word' id='word_1_109' title='bbox 1445 1595 1596 1662; x_wconf 81' lang='lat' dir='ltr'><strong>Quamobrem</strong></span> 
     </span>
     <span class='ocr_line' id='line_1_13' title="bbox 454 1681 1595 1754; baseline 0.007 -18"><span class='ocrx_word' id='word_1_110' title='bbox 454 1683 566 1753; x_wconf 85' lang='lat' dir='ltr'><strong>siugulis</strong></span> <span class='ocrx_word' id='word_1_111' title='bbox 577 1681 648 1736; x_wconf 89' lang='lat' dir='ltr'><strong>horis</strong></span> <span class='ocrx_word' id='word_1_112' title='bbox 660 1683 892 1753; x_wconf 69' lang='lat' dir='ltr'><strong>aequinoctialibus</strong></span> <span class='ocrx_word' id='word_1_113' title='bbox 904 1700 939 1736; x_wconf 84' lang='lat' dir='ltr'><strong>xv</strong></span> <span class='ocrx_word' id='word_1_114' title='bbox 948 1681 1059 1754; x_wconf 82' lang='lat' dir='ltr'><strong>gradm,</strong></span> <span class='ocrx_word' id='word_1_115' title='bbox 1071 1683 1172 1738; x_wconf 87' lang='lat' dir='ltr'><strong>duabus</strong></span> <span class='ocrx_word' id='word_1_116' title='bbox 1184 1683 1267 1752; x_wconf 88' lang='lat' dir='ltr'><strong>horis,</strong></span> <span class='ocrx_word' id='word_1_117' title='bbox 1280 1685 1334 1742; x_wconf 80' lang='lat' dir='ltr'><strong>sive</strong></span> <span class='ocrx_word' id='word_1_118' title='bbox 1346 1684 1595 1754; x_wconf 65' lang='lat' dir='ltr'><strong>radisponam</strong></span> 
     </span>
     <span class='ocr_line' id='line_1_14' title="bbox 455 1767 675 1838; baseline 0.005 -18"><span class='ocrx_word' id='word_1_119' title='bbox 455 1767 551 1838; x_wconf 76' lang='lat' dir='ltr'><strong>gradm</strong></span> <span class='ocrx_word' id='word_1_120' title='bbox 563 1767 675 1822; x_wconf 77' lang='lat' dir='ltr'><strong>conficit.</strong></span> 
     </span>
    </p>

    <p class='ocr_par' dir='ltr' id='par_1_6' title="bbox 455 1851 1595 2010">
     <span class='ocr_line' id='line_1_15' title="bbox 522 1851 1595 1926; baseline -0.004 -21"><span class='ocrx_word' id='word_1_121' title='bbox 522 1851 563 1913; x_wconf 75' lang='grc' dir='ltr'><strong>Εἰς</strong></span> <span class='ocrx_word' id='word_1_122' title='bbox 576 1853 672 1905; x_wconf 73' lang='grc' dir='ltr'>δώδεκα</span> <span class='ocrx_word' id='word_1_123' title='bbox 683 1851 811 1924; x_wconf 68' lang='grc' dir='ltr'><strong>κλίματα]</strong></span> <span class='ocrx_word' id='word_1_124' title='bbox 838 1852 907 1908; x_wconf 86' lang='lat' dir='ltr'><strong>Nam</strong></span> <span class='ocrx_word' id='word_1_125' title='bbox 922 1853 1030 1909; x_wconf 91' lang='lat' dir='ltr'><strong>totidem</strong></span> <span class='ocrx_word' id='word_1_126' title='bbox 1046 1860 1183 1910; x_wconf 78' lang='lat' dir='ltr'><strong>ventorum</strong></span> <span class='ocrx_word' id='word_1_127' title='bbox 1199 1856 1328 1926; x_wconf 77' lang='lat' dir='ltr'><strong>regiones.</strong></span> <span class='ocrx_word' id='word_1_128' title='bbox 1357 1856 1424 1912; x_wconf 82' lang='lat' dir='ltr'><strong>Vide</strong></span> <span class='ocrx_word' id='word_1_129' title='bbox 1442 1854 1506 1910; x_wconf 79' lang='lat' dir='ltr'><strong>Seli</strong></span> <span class='ocrx_word' id='word_1_130' title='bbox 1524 1851 1561 1906; x_wconf 87' lang='lat' dir='ltr'><strong>lib.</strong></span> <span class='ocrx_word' id='word_1_131' title='bbox 1575 1865 1595 1902; x_wconf 89' lang='lat' dir='ltr'><strong>u.</strong></span> 
     </span>
     <span class='ocr_line' id='line_1_16' title="bbox 455 1956 588 2010; baseline 0 -18"><span class='ocrx_word' id='word_1_132' title='bbox 455 1956 512 2010; x_wconf 90' lang='lat' dir='ltr'><strong>cap.</strong></span> <span class='ocrx_word' id='word_1_133' title='bbox 523 1957 588 1992; x_wconf 83' lang='lat' dir='ltr'><strong>nn.</strong></span> 
     </span>
    </p>

    <p class='ocr_par' dir='ltr' id='par_1_7' title="bbox 455 2019 1597 2179">
     <span class='ocr_line' id='line_1_17' title="bbox 521 2019 1597 2097; baseline -0.007 -19"><span class='ocrx_word' id='word_1_134' title='bbox 521 2023 553 2078; x_wconf 85' lang='lat' dir='ltr'><strong>N.</strong></span> <span class='ocrx_word' id='word_1_135' title='bbox 566 2041 629 2077; x_wconf 85' lang='lat' dir='ltr'><strong>xvrr.</strong></span> <span class='ocrx_word' id='word_1_136' title='bbox 652 2020 695 2076; x_wconf 78' lang='lat' dir='ltr'><strong>’liv</strong></span> <span class='ocrx_word' id='word_1_137' title='bbox 707 2026 758 2086; x_wconf 77' lang='grc' dir='ltr'><strong>τοῖς</strong></span> <span class='ocrx_word' id='word_1_138' title='bbox 770 2023 900 2097; x_wconf 69' lang='grc' dir='ltr'>τριάκοντα</span> <span class='ocrx_word' id='word_1_139' title='bbox 911 2024 1032 2093; x_wconf 56' lang='grc' dir='ltr'><strong>κλητοῖς]</strong></span> <span class='ocrx_word' id='word_1_140' title='bbox 1056 2025 1179 2082; x_wconf 73' lang='lat' dir='ltr'><strong>Tricorios</strong></span> <span class='ocrx_word' id='word_1_141' title='bbox 1195 2026 1228 2080; x_wconf 90' lang='lat' dir='ltr'><strong>ad</strong></span> <span class='ocrx_word' id='word_1_142' title='bbox 1239 2027 1389 2082; x_wconf 80' lang='lat' dir='ltr'><strong>convivium</strong></span> <span class='ocrx_word' id='word_1_143' title='bbox 1400 2025 1527 2082; x_wconf 87' lang='lat' dir='ltr'><strong>adhibitos</strong></span> <span class='ocrx_word' id='word_1_144' title='bbox 1537 2019 1597 2076; x_wconf 88' lang='lat' dir='ltr'><strong>liebr.</strong></span> 
     </span>
     <span class='ocr_line' id='line_1_18' title="bbox 455 2107 995 2179; baseline 0 -14"><span class='ocrx_word' id='word_1_145' title='bbox 455 2127 486 2164; x_wconf 87' lang='lat' dir='ltr'><strong>ac</strong></span> <span class='ocrx_word' id='word_1_146' title='bbox 496 2109 574 2179; x_wconf 87' lang='lat' dir='ltr'><strong>Vulg.</strong></span> <span class='ocrx_word' id='word_1_147' title='bbox 586 2109 688 2162; x_wconf 89' lang='lat' dir='ltr'><strong>codices</strong></span> <span class='ocrx_word' id='word_1_148' title='bbox 699 2107 805 2166; x_wconf 89' lang='lat' dir='ltr'><strong>habent.</strong></span> <span class='ocrx_word' id='word_1_149' title='bbox 829 2109 923 2165; x_wconf 84' lang='lat' dir='ltr'><strong>Graeci</strong></span> <span class='ocrx_word' id='word_1_150' title='bbox 934 2129 995 2166; x_wconf 83' lang='lat' dir='ltr'><strong>axx.</strong></span> 
     </span>
    </p>

    <p class='ocr_par' dir='ltr' id='par_1_8' title="bbox 455 2193 1598 2354">
     <span class='ocr_line' id='line_1_19' title="bbox 522 2193 1598 2270; baseline 0.006 -24"><span class='ocrx_word' id='word_1_151' title='bbox 522 2194 569 2246; x_wconf 81' lang='lat' dir='ltr'><strong>ilai</strong></span> <span class='ocrx_word' id='word_1_152' title='bbox 581 2194 620 2247; x_wconf 77' lang='grc' dir='ltr'><strong>διὰ</strong></span> <span class='ocrx_word' id='word_1_153' title='bbox 632 2194 722 2264; x_wconf 67' lang='lat' dir='ltr'><strong>dudit,</strong></span> <span class='ocrx_word' id='word_1_154' title='bbox 734 2193 774 2248; x_wconf 79' lang='lat' dir='ltr'><strong>dte</strong></span> <span class='ocrx_word' id='word_1_155' title='bbox 785 2193 825 2248; x_wconf 68' lang='lat' dir='ltr'><strong>tet</strong></span> <span class='ocrx_word' id='word_1_156' title='bbox 836 2195 966 2267; x_wconf 75' lang='grc' dir='ltr'>τριάκοντα</span> <span class='ocrx_word' id='word_1_157' title='bbox 978 2195 1097 2269; x_wconf 69' lang='grc' dir='ltr'><strong>ἡμέραις]</strong></span> <span class='ocrx_word' id='word_1_158' title='bbox 1121 2195 1172 2251; x_wconf 90' lang='lat' dir='ltr'><strong>Ubi</strong></span> <span class='ocrx_word' id='word_1_159' title='bbox 1189 2199 1314 2270; x_wconf 92' lang='lat' dir='ltr'><strong>scriptum</strong></span> <span class='ocrx_word' id='word_1_160' title='bbox 1330 2198 1395 2254; x_wconf 85' lang='lat' dir='ltr'><strong>ittod</strong></span> <span class='ocrx_word' id='word_1_161' title='bbox 1406 2203 1481 2254; x_wconf 84' lang='lat' dir='ltr'><strong>extet</strong></span> <span class='ocrx_word' id='word_1_162' title='bbox 1491 2193 1549 2252; x_wconf 82' lang='lat' dir='ltr'><strong>mihi</strong></span> <span class='ocrx_word' id='word_1_163' title='bbox 1558 2207 1598 2244; x_wconf 70' lang='lat' dir='ltr'><strong>⁰⁰ss</strong></span> 
     </span>
     <span class='ocr_line' id='line_1_20' title="bbox 455 2279 1525 2354; baseline -0.002 -18"><span class='ocrx_word' id='word_1_164' title='bbox 455 2281 573 2336; x_wconf 75' lang='lat' dir='ltr'><strong>occurrit.</strong></span> <span class='ocrx_word' id='word_1_165' title='bbox 595 2279 648 2334; x_wconf 89' lang='lat' dir='ltr'><strong>Sed</strong></span> <span class='ocrx_word' id='word_1_166' title='bbox 659 2281 687 2334; x_wconf 92' lang='lat' dir='ltr'><strong>in</strong></span> <span class='ocrx_word' id='word_1_167' title='bbox 697 2283 776 2352; x_wconf 89' lang='lat' dir='ltr'><strong>nugis</strong></span> <span class='ocrx_word' id='word_1_168' title='bbox 788 2297 819 2335; x_wconf 88' lang='lat' dir='ltr'><strong>ac</strong></span> <span class='ocrx_word' id='word_1_169' title='bbox 831 2282 940 2335; x_wconf 91' lang='lat' dir='ltr'><strong>somniis</strong></span> <span class='ocrx_word' id='word_1_170' title='bbox 950 2281 1048 2335; x_wconf 88' lang='lat' dir='ltr'><strong>irnstra</strong></span> <span class='ocrx_word' id='word_1_171' title='bbox 1059 2283 1234 2336; x_wconf 87' lang='lat' dir='ltr'><strong>constantiam</strong></span> <span class='ocrx_word' id='word_1_172' title='bbox 1245 2299 1275 2338; x_wconf 90' lang='lat' dir='ltr'><strong>ac</strong></span> <span class='ocrx_word' id='word_1_173' title='bbox 1285 2283 1414 2340; x_wconf 88' lang='lat' dir='ltr'><strong>rationem</strong></span> <span class='ocrx_word' id='word_1_174' title='bbox 1426 2285 1525 2354; x_wconf 84' lang='lat' dir='ltr'><strong>exigas.</strong></span> 
     </span>
    </p>

    <p class='ocr_par' dir='ltr' id='par_1_9' title="bbox 521 2365 1489 2435">
     <span class='ocr_line' id='line_1_21' title="bbox 521 2365 1489 2435; baseline 0 -15"><span class='ocrx_word' id='word_1_175' title='bbox 521 2366 553 2420; x_wconf 83' lang='lat' dir='ltr'><strong>N.</strong></span> <span class='ocrx_word' id='word_1_176' title='bbox 564 2385 639 2423; x_wconf 81' lang='lat' dir='ltr'><strong>xvrrr.</strong></span> <span class='ocrx_word' id='word_1_177' title='bbox 664 2365 710 2418; x_wconf 70' lang='grc' dir='ltr'><strong>Καὶ</strong></span> <span class='ocrx_word' id='word_1_178' title='bbox 722 2365 744 2418; x_wconf 88' lang='lat' dir='ltr'><strong>ol</strong></span> <span class='ocrx_word' id='word_1_179' title='bbox 756 2365 1020 2435; x_wconf 56' lang='lat' dir='ltr'><strong>tesaurizantes]</strong></span> <span class='ocrx_word' id='word_1_180' title='bbox 1044 2368 1074 2420; x_wconf 90' lang='lat' dir='ltr'><strong>irr</strong></span> <span class='ocrx_word' id='word_1_181' title='bbox 1088 2365 1186 2421; x_wconf 87' lang='lat' dir='ltr'><strong>Graeco</strong></span> <span class='ocrx_word' id='word_1_182' title='bbox 1198 2374 1239 2424; x_wconf 88' lang='lat' dir='ltr'><strong>est</strong></span> <span class='ocrx_word' id='word_1_183' title='bbox 1250 2369 1290 2421; x_wconf 79' lang='lat' dir='ltr'><strong>acl</strong></span> <span class='ocrx_word' id='word_1_184' title='bbox 1301 2367 1489 2422; x_wconf 74' lang='grc' dir='ltr'>ἐκλευκανθῶσι.</span> 
     </span>
    </p>

    <p class='ocr_par' dir='ltr' id='par_1_10' title="bbox 522 2449 1556 2528">
     <span class='ocr_line' id='line_1_22' title="bbox 522 2449 1556 2528; baseline 0.002 -25"><span class='ocrx_word' id='word_1_185' title='bbox 522 2450 646 2513; x_wconf 72' lang='grc' dir='ltr'>Πολλάκις</span> <span class='ocrx_word' id='word_1_186' title='bbox 657 2449 818 2522; x_wconf 55' lang='grc' dir='ltr'><strong>ἐπεθύμησα]</strong></span> <span class='ocrx_word' id='word_1_187' title='bbox 841 2450 977 2522; x_wconf 77' lang='lat' dir='ltr'><strong>Nusquam</strong></span> <span class='ocrx_word' id='word_1_188' title='bbox 990 2451 1054 2506; x_wconf 91' lang='lat' dir='ltr'><strong>haec</strong></span> <span class='ocrx_word' id='word_1_189' title='bbox 1066 2453 1195 2508; x_wconf 84' lang='lat' dir='ltr'><strong>sententia</strong></span> <span class='ocrx_word' id='word_1_190' title='bbox 1205 2454 1233 2507; x_wconf 92' lang='lat' dir='ltr'><strong>iu</strong></span> <span class='ocrx_word' id='word_1_191' title='bbox 1245 2455 1325 2508; x_wconf 86' lang='lat' dir='ltr'><strong>sacris</strong></span> <span class='ocrx_word' id='word_1_192' title='bbox 1336 2455 1418 2510; x_wconf 91' lang='lat' dir='ltr'><strong>literis</strong></span> <span class='ocrx_word' id='word_1_193' title='bbox 1430 2453 1556 2528; x_wconf 83' lang='lat' dir='ltr'><strong>reperitur.</strong></span> 
     </span>
    </p>

    <p class='ocr_par' dir='ltr' id='par_1_11' title="bbox 412 2529 1603 4146">
     <span class='ocr_line' id='line_1_23' title="bbox 521 2529 1600 2611; baseline -0.002 -20"><span class='ocrx_word' id='word_1_194' title='bbox 521 2537 554 2593; x_wconf 84' lang='lat' dir='ltr'><strong>N.</strong></span> <span class='ocrx_word' id='word_1_195' title='bbox 566 2557 610 2592; x_wconf 83' lang='lat' dir='ltr'><strong>xx.</strong></span> <span class='ocrx_word' id='word_1_196' title='bbox 634 2534 733 2608; x_wconf 76' lang='lat' dir='ltr'><strong>Sucrpd</strong></span> <span class='ocrx_word' id='word_1_197' title='bbox 744 2537 884 2606; x_wconf 65' lang='lat' dir='ltr'><strong>lancee-q]</strong></span> <span class='ocrx_word' id='word_1_198' title='bbox 906 2537 987 2592; x_wconf 83' lang='lat' dir='ltr'><strong>Paulo</strong></span> <span class='ocrx_word' id='word_1_199' title='bbox 1004 2539 1079 2592; x_wconf 86' lang='lat' dir='ltr'><strong>aliter</strong></span> <span class='ocrx_word' id='word_1_200' title='bbox 1090 2537 1154 2592; x_wconf 88' lang='lat' dir='ltr'><strong>baec</strong></span> <span class='ocrx_word' id='word_1_201' title='bbox 1166 2539 1304 2593; x_wconf 79' lang='lat' dir='ltr'><strong>verborum</strong></span> <span class='ocrx_word' id='word_1_202' title='bbox 1315 2539 1428 2597; x_wconf 77' lang='lat' dir='ltr'><strong>formula</strong></span> <span class='ocrx_word' id='word_1_203' title='bbox 1440 2537 1509 2611; x_wconf 84' lang='lat' dir='ltr'><strong>apud</strong></span> <span class='ocrx_word' id='word_1_204' title='bbox 1520 2529 1600 2590; x_wconf 75' lang='lat' dir='ltr'><strong>hermi</strong></span> 
     </span>
     <span class='ocr_line' id='line_1_24' title="bbox 453 2623 1599 2694; baseline -0.003 -16"><span class='ocrx_word' id='word_1_205' title='bbox 453 2625 622 2694; x_wconf 88' lang='lat' dir='ltr'><strong>interpretem</strong></span> <span class='ocrx_word' id='word_1_206' title='bbox 632 2628 759 2693; x_wconf 86' lang='lat' dir='ltr'><strong>concepta</strong></span> <span class='ocrx_word' id='word_1_207' title='bbox 766 2623 862 2692; x_wconf 86' lang='lat' dir='ltr'><strong>iegitur</strong></span> <span class='ocrx_word' id='word_1_208' title='bbox 872 2623 890 2676; x_wconf 93' lang='lat' dir='ltr'><strong>l.</strong></span> <span class='ocrx_word' id='word_1_209' title='bbox 900 2641 918 2676; x_wconf 86' lang='lat'><strong>1.</strong></span> <span class='ocrx_word' id='word_1_210' title='bbox 930 2639 986 2694; x_wconf 88' lang='lat' dir='ltr'><strong>cap.</strong></span> <span class='ocrx_word' id='word_1_211' title='bbox 996 2641 1074 2678; x_wconf 83' lang='lat' dir='ltr'><strong>rvru:</strong></span> <span class='ocrx_word' id='word_1_212' title='bbox 1102 2623 1599 2692; x_wconf 70' lang='lat' dir='ltr'><strong>Boepraueocabueacussnc,irrosrietss</strong></span> 
     </span>
     <span class='ocr_line' id='line_1_25' title="bbox 455 2707 1600 2780; baseline -0.001 -17"><span class='ocrx_word' id='word_1_213' title='bbox 455 2710 592 2778; x_wconf 71' lang='lat' dir='ltr'><strong>spartaria</strong></span> <span class='ocrx_word' id='word_1_214' title='bbox 605 2708 730 2762; x_wconf 84' lang='lat' dir='ltr'><strong>cacotaba</strong></span> <span class='ocrx_word' id='word_1_215' title='bbox 735 2709 813 2776; x_wconf 82' lang='lat' dir='ltr'><strong>sodor</strong></span> <span class='ocrx_word' id='word_1_216' title='bbox 825 2709 988 2762; x_wconf 79' lang='lat' dir='ltr'><strong>comelantds&#39;.</strong></span> <span class='ocrx_word' id='word_1_217' title='bbox 1014 2707 1091 2780; x_wconf 80' lang='lat' dir='ltr'><strong>apud</strong></span> <span class='ocrx_word' id='word_1_218' title='bbox 1101 2708 1219 2764; x_wconf 82' lang='lat' dir='ltr'><strong>Nicetam</strong></span> <span class='ocrx_word' id='word_1_219' title='bbox 1230 2727 1302 2764; x_wconf 85' lang='lat' dir='ltr'><strong>vero:</strong></span> <span class='ocrx_word' id='word_1_220' title='bbox 1322 2711 1435 2775; x_wconf 79' lang='lat' dir='ltr'><strong>Cumaei,</strong></span> <span class='ocrx_word' id='word_1_221' title='bbox 1449 2713 1509 2774; x_wconf 84' lang='lat' dir='ltr'><strong>buc,</strong></span> <span class='ocrx_word' id='word_1_222' title='bbox 1521 2719 1600 2762; x_wconf 67' lang='lat' dir='ltr'><strong>cavom</strong></span> 
     </span>
     <span class='ocr_line' id='line_1_26' title="bbox 454 2793 1601 2880; baseline 0.002 -34"><span class='ocrx_word' id='word_1_223' title='bbox 454 2796 573 2863; x_wconf 77' lang='lat' dir='ltr'><strong>mystesia</strong></span> <span class='ocrx_word' id='word_1_224' title='bbox 584 2793 669 2846; x_wconf 79' lang='lat' dir='ltr'><strong>rbudo</strong></span> <span class='ocrx_word' id='word_1_225' title='bbox 682 2793 801 2858; x_wconf 79' lang='lat' dir='ltr'><strong>curtabo,</strong></span> <span class='ocrx_word' id='word_1_226' title='bbox 814 2793 915 2863; x_wconf 66' lang='lat' dir='ltr'><strong>phogor</strong></span> <span class='ocrx_word' id='word_1_227' title='bbox 927 2794 1033 2848; x_wconf 67' lang='lat' dir='ltr'><strong>calathi.</strong></span> <span class='ocrx_word' id='word_1_228' title='bbox 1058 2793 1130 2858; x_wconf 86' lang='lat' dir='ltr'><strong>Quae</strong></span> <span class='ocrx_word' id='word_1_229' title='bbox 1142 2795 1180 2848; x_wconf 84' lang='lat' dir='ltr'><strong>sic</strong></span> <span class='ocrx_word' id='word_1_230' title='bbox 1192 2795 1385 2868; x_wconf 77' lang='lat' dir='ltr'><strong>interpretatur:</strong></span> <span class='ocrx_word' id='word_1_231' title='bbox 1409 2795 1431 2850; x_wconf 91' lang='grc'><em>0</em></span> <span class='ocrx_word' id='word_1_232' title='bbox 1447 2800 1491 2880; x_wconf 76' lang='lat' dir='ltr'><strong>psi</strong></span> <span class='ocrx_word' id='word_1_233' title='bbox 1505 2813 1530 2848; x_wconf 77' lang='lat' dir='ltr'><strong>ce</strong></span> <span class='ocrx_word' id='word_1_234' title='bbox 1541 2805 1601 2860; x_wconf 66' lang='lat' dir='ltr'><strong>septi</strong></span> 
     </span>
     <span class='ocr_line' id='line_1_27' title="bbox 455 2871 1600 2950; baseline 0.001 -17"><span class='ocrx_word' id='word_1_235' title='bbox 455 2897 548 2933; x_wconf 77' lang='lat' dir='ltr'><strong>omnem</strong></span> <span class='ocrx_word' id='word_1_236' title='bbox 556 2883 672 2932; x_wconf 73' lang='lat' dir='ltr'><strong>virtutem</strong></span> <span class='ocrx_word' id='word_1_237' title='bbox 681 2877 782 2942; x_wconf 78' lang='lat' dir='ltr'><strong>Patm‘s,</strong></span> <span class='ocrx_word' id='word_1_238' title='bbox 795 2887 818 2930; x_wconf 84' lang='lat' dir='ltr'><strong>tc</strong></span> <span class='ocrx_word' id='word_1_239' title='bbox 826 2882 972 2931; x_wconf 75' lang='lat' dir='ltr'><strong>invocamus</strong></span> <span class='ocrx_word' id='word_1_240' title='bbox 975 2918 983 2942; x_wconf 93' lang='lat'><strong>,</strong></span> <span class='ocrx_word' id='word_1_241' title='bbox 995 2883 1039 2948; x_wconf 83' lang='lat' dir='ltr'><strong>qai</strong></span> <span class='ocrx_word' id='word_1_242' title='bbox 1049 2881 1130 2932; x_wconf 81' lang='lat' dir='ltr'><strong>lumen</strong></span> <span class='ocrx_word' id='word_1_243' title='bbox 1139 2891 1164 2934; x_wconf 85' lang='lat' dir='ltr'><strong>et</strong></span> <span class='ocrx_word' id='word_1_244' title='bbox 1171 2871 1281 2950; x_wconf 39' lang='lat' dir='ltr'><strong>spiritus*</strong></span> <span class='ocrx_word' id='word_1_245' title='bbox 1287 2881 1363 2934; x_wconf 79' lang='lat' dir='ltr'><strong>bonas</strong></span> <span class='ocrx_word' id='word_1_246' title='bbox 1372 2885 1459 2936; x_wconf 75' lang='lat' dir='ltr'><strong>etrite</strong></span> <span class='ocrx_word' id='word_1_247' title='bbox 1472 2881 1600 2934; x_wconf 62' lang='lat' dir='ltr'><strong>seaeant,</strong></span> 
     </span>
     <span class='ocr_line' id='line_1_28' title="bbox 454 2961 1601 3036; baseline 0.006 -19"><span class='ocrx_word' id='word_1_248' title='bbox 454 2970 572 3036; x_wconf 75' lang='lat' dir='ltr'><strong>quereiam</strong></span> <span class='ocrx_word' id='word_1_249' title='bbox 583 2968 610 3016; x_wconf 82' lang='lat' dir='ltr'><strong>ia</strong></span> <span class='ocrx_word' id='word_1_250' title='bbox 620 2981 725 3033; x_wconf 81' lang='lat' dir='ltr'><strong>corpore</strong></span> <span class='ocrx_word' id='word_1_251' title='bbox 734 2967 857 3032; x_wconf 77' lang='lat' dir='ltr'><strong>regnasti.</strong></span> <span class='ocrx_word' id='word_1_252' title='bbox 877 2963 1006 3016; x_wconf 73' lang='lat' dir='ltr'><strong>Hebraico</strong></span> <span class='ocrx_word' id='word_1_253' title='bbox 1016 2981 1094 3036; x_wconf 88' lang='lat' dir='ltr'><strong>porro</strong></span> <span class='ocrx_word' id='word_1_254' title='bbox 1106 2966 1152 3018; x_wconf 87' lang='lat' dir='ltr'><strong>illa</strong></span> <span class='ocrx_word' id='word_1_255' title='bbox 1163 2983 1221 3018; x_wconf 87' lang='lat' dir='ltr'><strong>esse</strong></span> <span class='ocrx_word' id='word_1_256' title='bbox 1233 2967 1312 3020; x_wconf 79' lang='lat' dir='ltr'><strong>verba</strong></span> <span class='ocrx_word' id='word_1_257' title='bbox 1322 2966 1444 3022; x_wconf 82' lang='lat' dir='ltr'><strong>Irenaeus</strong></span> <span class='ocrx_word' id='word_1_258' title='bbox 1457 2969 1548 3024; x_wconf 70' lang='lat' dir='ltr'><strong>amab</strong></span> <span class='ocrx_word' id='word_1_259' title='bbox 1559 2961 1601 3014; x_wconf 57' lang='grc' dir='ltr'><strong>ΒΜ</strong></span> 
     </span>
     <span class='ocr_line' id='line_1_29' title="bbox 454 3047 1600 3123; baseline 0.002 -19"><span class='ocrx_word' id='word_1_260' title='bbox 454 3049 583 3104; x_wconf 86' lang='lat' dir='ltr'><strong>eiusmodi</strong></span> <span class='ocrx_word' id='word_1_261' title='bbox 599 3064 690 3102; x_wconf 81' lang='lat' dir='ltr'><strong>revera</strong></span> <span class='ocrx_word' id='word_1_262' title='bbox 708 3049 772 3113; x_wconf 92' lang='lat' dir='ltr'><strong>sint,</strong></span> <span class='ocrx_word' id='word_1_263' title='bbox 789 3047 844 3102; x_wconf 78' lang='lat' dir='ltr'><strong>sire</strong></span> <span class='ocrx_word' id='word_1_264' title='bbox 859 3066 906 3120; x_wconf 91' lang='lat' dir='ltr'><strong>pro</strong></span> <span class='ocrx_word' id='word_1_265' title='bbox 923 3049 1057 3103; x_wconf 86' lang='lat' dir='ltr'><strong>Hebraicis</strong></span> <span class='ocrx_word' id='word_1_266' title='bbox 1073 3067 1089 3102; x_wconf 89' lang='lat' dir='ltr'><strong>a</strong></span> <span class='ocrx_word' id='word_1_267' title='bbox 1106 3051 1308 3104; x_wconf 67' lang='lat' dir='ltr'><strong>chounioraneis</strong></span> <span class='ocrx_word' id='word_1_268' title='bbox 1325 3051 1382 3105; x_wconf 89' lang='lat' dir='ltr'><strong>istis</strong></span> <span class='ocrx_word' id='word_1_269' title='bbox 1399 3053 1470 3123; x_wconf 84' lang='lat' dir='ltr'><strong>apud</strong></span> <span class='ocrx_word' id='word_1_270' title='bbox 1486 3047 1600 3120; x_wconf 66' lang='lat' dir='ltr'><strong>imperiti</strong></span> 
     </span>
     <span class='ocr_line' id='line_1_30' title="bbox 453 3133 1601 3208; baseline -0.003 -18"><span class='ocrx_word' id='word_1_271' title='bbox 453 3137 557 3190; x_wconf 79' lang='lat' dir='ltr'><strong>iactata</strong></span> <span class='ocrx_word' id='word_1_272' title='bbox 580 3135 650 3190; x_wconf 88' lang='lat' dir='ltr'><strong>Sane</strong></span> <span class='ocrx_word' id='word_1_273' title='bbox 663 3133 767 3206; x_wconf 91' lang='lat' dir='ltr'><strong>quidem</strong></span> <span class='ocrx_word' id='word_1_274' title='bbox 778 3135 883 3188; x_wconf 67' lang='lat' dir='ltr'><strong>tamebi</strong></span> <span class='ocrx_word' id='word_1_275' title='bbox 894 3134 1034 3205; x_wconf 76' lang='lat' dir='ltr'><strong>depravata</strong></span> <span class='ocrx_word' id='word_1_276' title='bbox 1045 3151 1076 3189; x_wconf 88' lang='lat' dir='ltr'><strong>ea</strong></span> <span class='ocrx_word' id='word_1_277' title='bbox 1087 3136 1152 3200; x_wconf 87' lang='lat' dir='ltr'><strong>sint,</strong></span> <span class='ocrx_word' id='word_1_278' title='bbox 1170 3135 1338 3190; x_wconf 87' lang='lat' dir='ltr'><strong>liebraisruns</strong></span> <span class='ocrx_word' id='word_1_279' title='bbox 1350 3145 1439 3192; x_wconf 88' lang='lat' dir='ltr'><strong>tamen</strong></span> <span class='ocrx_word' id='word_1_280' title='bbox 1450 3139 1478 3192; x_wconf 88' lang='lat' dir='ltr'><strong>in</strong></span> <span class='ocrx_word' id='word_1_281' title='bbox 1490 3134 1601 3208; x_wconf 78' lang='lat' dir='ltr'><strong>plerisque</strong></span> 
     </span>
     <span class='ocr_line' id='line_1_31' title="bbox 454 3213 1601 3294; baseline 0 -18"><span class='ocrx_word' id='word_1_282' title='bbox 454 3221 524 3276; x_wconf 88' lang='lat' dir='ltr'><strong>baud</strong></span> <span class='ocrx_word' id='word_1_283' title='bbox 536 3222 644 3275; x_wconf 88' lang='lat' dir='ltr'><strong>obscure</strong></span> <span class='ocrx_word' id='word_1_284' title='bbox 655 3221 775 3292; x_wconf 84' lang='lat' dir='ltr'><strong>pellucet.</strong></span> <span class='ocrx_word' id='word_1_285' title='bbox 800 3218 835 3275; x_wconf 85' lang='lat' dir='ltr'><strong>Ut</strong></span> <span class='ocrx_word' id='word_1_286' title='bbox 850 3221 947 3275; x_wconf 71' lang='lat' dir='ltr'><strong>nubum</strong></span> <span class='ocrx_word' id='word_1_287' title='bbox 964 3221 999 3274; x_wconf 89' lang='lat' dir='ltr'><strong>sit</strong></span> <span class='ocrx_word' id='word_1_288' title='bbox 1013 3221 1113 3276; x_wconf 82' lang='lat' dir='ltr'><strong>irenaei</strong></span> <span class='ocrx_word' id='word_1_289' title='bbox 1125 3219 1281 3276; x_wconf 79' lang='lat' dir='ltr'><strong>scholiastes</strong></span> <span class='ocrx_word' id='word_1_290' title='bbox 1297 3221 1370 3294; x_wconf 90' lang='lat' dir='ltr'><strong>pium</strong></span> <span class='ocrx_word' id='word_1_291' title='bbox 1387 3229 1414 3276; x_wconf 87' lang='lat' dir='ltr'><strong>et</strong></span> <span class='ocrx_word' id='word_1_292' title='bbox 1429 3222 1555 3278; x_wconf 83' lang='lat' dir='ltr'><strong>eruditum</strong></span> <span class='ocrx_word' id='word_1_293' title='bbox 1567 3213 1601 3268; x_wconf 72' lang='grc' dir='ltr'><strong>λθ·</strong></span> 
     </span>
     <span class='ocr_line' id='line_1_32' title="bbox 454 3305 1601 3373; baseline -0.002 -11"><span class='ocrx_word' id='word_1_294' title='bbox 454 3309 551 3362; x_wconf 90' lang='lat' dir='ltr'><strong>minem</strong></span> <span class='ocrx_word' id='word_1_295' title='bbox 564 3314 618 3361; x_wconf 89' lang='lat' dir='ltr'><strong>tam</strong></span> <span class='ocrx_word' id='word_1_296' title='bbox 630 3305 789 3360; x_wconf 87' lang='lat' dir='ltr'><strong>confidenter</strong></span> <span class='ocrx_word' id='word_1_297' title='bbox 800 3305 826 3360; x_wconf 92' lang='lat' dir='ltr'><strong>id</strong></span> <span class='ocrx_word' id='word_1_298' title='bbox 837 3323 1000 3373; x_wconf 81' lang='lat' dir='ltr'><strong>asseverare,</strong></span> <span class='ocrx_word' id='word_1_299' title='bbox 1012 3323 1043 3360; x_wconf 91' lang='lat' dir='ltr'><strong>ea</strong></span> <span class='ocrx_word' id='word_1_300' title='bbox 1051 3307 1179 3362; x_wconf 81' lang='lat' dir='ltr'><strong>vocabula</strong></span> <span class='ocrx_word' id='word_1_301' title='bbox 1190 3325 1235 3359; x_wconf 80' lang='lat' dir='ltr'><strong>nec</strong></span> <span class='ocrx_word' id='word_1_302' title='bbox 1247 3327 1265 3360; x_wconf 82' lang='lat' dir='ltr'><strong>a</strong></span> <span class='ocrx_word' id='word_1_303' title='bbox 1277 3309 1381 3360; x_wconf 81' lang='lat' dir='ltr'><strong>Graeca</strong></span> <span class='ocrx_word' id='word_1_304' title='bbox 1391 3326 1437 3362; x_wconf 79' lang='lat' dir='ltr'><strong>aec</strong></span> <span class='ocrx_word' id='word_1_305' title='bbox 1445 3309 1479 3362; x_wconf 79' lang='lat' dir='ltr'><strong>ab</strong></span> <span class='ocrx_word' id='word_1_306' title='bbox 1488 3307 1601 3362; x_wconf 69' lang='lat' dir='ltr'><strong>Hebraeo,</strong></span> 
     </span>
     <span class='ocr_line' id='line_1_33' title="bbox 456 3390 1601 3464; baseline -0.003 -18"><span class='ocrx_word' id='word_1_307' title='bbox 456 3393 615 3459; x_wconf 69' lang='lat' dir='ltr'><strong>chaldaica,</strong></span> <span class='ocrx_word' id='word_1_308' title='bbox 626 3392 706 3461; x_wconf 72' lang='lat' dir='ltr'><strong>Syru,</strong></span> <span class='ocrx_word' id='word_1_309' title='bbox 720 3403 764 3444; x_wconf 85' lang='lat' dir='ltr'><strong>aut</strong></span> <span class='ocrx_word' id='word_1_310' title='bbox 776 3393 895 3445; x_wconf 77' lang='lat' dir='ltr'><strong>Arabico</strong></span> <span class='ocrx_word' id='word_1_311' title='bbox 907 3395 997 3462; x_wconf 72' lang='lat' dir='ltr'><strong>lingua</strong></span> <span class='ocrx_word' id='word_1_312' title='bbox 1006 3397 1088 3462; x_wconf 83' lang='lat' dir='ltr'><strong>petita</strong></span> <span class='ocrx_word' id='word_1_313' title='bbox 1100 3410 1164 3456; x_wconf 65' lang='grc' dir='ltr'><strong>οπο,-</strong></span> <span class='ocrx_word' id='word_1_314' title='bbox 1180 3391 1340 3464; x_wconf 82' lang='lat' dir='ltr'><strong>proindeque</strong></span> <span class='ocrx_word' id='word_1_315' title='bbox 1352 3397 1455 3462; x_wconf 71' lang='lat' dir='ltr'><strong>magica</strong></span> <span class='ocrx_word' id='word_1_316' title='bbox 1468 3403 1493 3448; x_wconf 86' lang='lat' dir='ltr'><strong>ct</strong></span> <span class='ocrx_word' id='word_1_317' title='bbox 1503 3390 1601 3444; x_wconf 70' lang='lat' dir='ltr'><strong>sarem</strong></span> 
     </span>
     <span class='ocr_line' id='line_1_34' title="bbox 455 3473 1602 3550; baseline 0 -22"><span class='ocrx_word' id='word_1_318' title='bbox 455 3483 538 3546; x_wconf 74' lang='lat' dir='ltr'><strong>maqis</strong></span> <span class='ocrx_word' id='word_1_319' title='bbox 544 3487 665 3547; x_wconf 72' lang='lat' dir='ltr'><strong>portem</strong></span> <span class='ocrx_word' id='word_1_320' title='bbox 677 3495 730 3530; x_wconf 81' lang='lat' dir='ltr'><strong>esee</strong></span> <span class='ocrx_word' id='word_1_321' title='bbox 741 3495 815 3546; x_wconf 60' lang='lat' dir='ltr'><strong>mam</strong></span> <span class='ocrx_word' id='word_1_322' title='bbox 827 3481 937 3532; x_wconf 79' lang='lat' dir='ltr'><strong>nomina.</strong></span> <span class='ocrx_word' id='word_1_323' title='bbox 961 3477 996 3529; x_wconf 82' lang='lat' dir='ltr'><strong>At</strong></span> <span class='ocrx_word' id='word_1_324' title='bbox 1007 3477 1077 3530; x_wconf 89' lang='lat' dir='ltr'><strong>enim</strong></span> <span class='ocrx_word' id='word_1_325' title='bbox 1088 3475 1262 3548; x_wconf 79' lang='lat' dir='ltr'><strong>Epiphaniam</strong></span> <span class='ocrx_word' id='word_1_326' title='bbox 1278 3483 1303 3530; x_wconf 87' lang='lat' dir='ltr'><strong>et</strong></span> <span class='ocrx_word' id='word_1_327' title='bbox 1318 3477 1454 3534; x_wconf 87' lang='lat' dir='ltr'><strong>Irenaeum</strong></span> <span class='ocrx_word' id='word_1_328' title='bbox 1471 3473 1602 3550; x_wconf 64' lang='lat' dir='ltr'><strong>nuperrime</strong></span> 
     </span>
     <span class='ocr_line' id='line_1_35' title="bbox 455 3558 1603 3636; baseline 0 -22"><span class='ocrx_word' id='word_1_329' title='bbox 455 3563 579 3616; x_wconf 81' lang='lat' dir='ltr'><strong>sectarius</strong></span> <span class='ocrx_word' id='word_1_330' title='bbox 591 3561 698 3632; x_wconf 86' lang='lat' dir='ltr'><strong>quidam</strong></span> <span class='ocrx_word' id='word_1_331' title='bbox 709 3561 854 3632; x_wconf 82' lang='lat' dir='ltr'><strong>redarguit,</strong></span> <span class='ocrx_word' id='word_1_332' title='bbox 871 3561 941 3631; x_wconf 92' lang='lat' dir='ltr'><strong>quod</strong></span> <span class='ocrx_word' id='word_1_333' title='bbox 956 3561 1020 3614; x_wconf 88' lang='lat' dir='ltr'><strong>haec</strong></span> <span class='ocrx_word' id='word_1_334' title='bbox 1032 3561 1090 3634; x_wconf 91' lang='lat' dir='ltr'><strong>ipsa</strong></span> <span class='ocrx_word' id='word_1_335' title='bbox 1100 3561 1180 3614; x_wconf 84' lang='lat' dir='ltr'><strong>verba</strong></span> <span class='ocrx_word' id='word_1_336' title='bbox 1190 3579 1325 3633; x_wconf 85' lang='lat' dir='ltr'><strong>perperam</strong></span> <span class='ocrx_word' id='word_1_337' title='bbox 1337 3565 1496 3636; x_wconf 86' lang='lat' dir='ltr'><strong>acceperint,</strong></span> <span class='ocrx_word' id='word_1_338' title='bbox 1512 3577 1565 3616; x_wconf 85' lang='lat' dir='ltr'><strong>cnm</strong></span> <span class='ocrx_word' id='word_1_339' title='bbox 1575 3558 1603 3608; x_wconf 70' lang='lat' dir='ltr'><strong>iit</strong></span> 
     </span>
     <span class='ocr_line' id='line_1_36' title="bbox 455 3643 1602 3741; baseline -0.002 -41"><span class='ocrx_word' id='word_1_340' title='bbox 455 3647 591 3700; x_wconf 90' lang='lat' dir='ltr'><strong>scribenda</strong></span> <span class='ocrx_word' id='word_1_341' title='bbox 605 3647 670 3698; x_wconf 83' lang='lat' dir='ltr'><strong>sint:</strong></span> <span class='ocrx_word' id='word_1_342' title='bbox 693 3645 790 3698; x_wconf 88' lang='lat' dir='ltr'><strong>Basem</strong></span> <span class='ocrx_word' id='word_1_343' title='bbox 805 3643 945 3712; x_wconf 87' lang='lat' dir='ltr'><strong>haccados,</strong></span> <span class='ocrx_word' id='word_1_344' title='bbox 961 3647 1014 3712; x_wconf 81' lang='lat' dir='ltr'><strong>Ab,</strong></span> <span class='ocrx_word' id='word_1_345' title='bbox 1031 3647 1099 3710; x_wconf 87' lang='lat' dir='ltr'><strong>Bou,</strong></span> <span class='ocrx_word' id='word_1_346' title='bbox 1116 3645 1242 3714; x_wconf 76' lang='lat' dir='ltr'><strong>Arruach,</strong></span> <span class='ocrx_word' id='word_1_347' title='bbox 1259 3651 1296 3734; x_wconf 56' lang='lat' dir='ltr'><strong>p:</strong></span> <span class='ocrx_word' id='word_1_348' title='bbox 1314 3655 1360 3712; x_wconf 50' lang='grc' dir='ltr'><strong>ιθ</strong></span> <span class='ocrx_word' id='word_1_349' title='bbox 1377 3653 1499 3741; x_wconf 62' lang='grc' dir='ltr'><strong>ὉῊΡῃ</strong></span> <span class='ocrx_word' id='word_1_350' title='bbox 1517 3647 1602 3710; x_wconf 71' lang='lat' dir='ltr'><strong>:tas</strong></span> 
     </span>
     <span class='ocr_line' id='line_1_37' title="bbox 456 3725 1602 3812; baseline 0.002 -28"><span class='ocrx_word' id='word_1_351' title='bbox 456 3735 560 3794; x_wconf 62' lang='lat' dir='ltr'><strong>mm</strong></span> <span class='ocrx_word' id='word_1_352' title='bbox 582 3731 637 3784; x_wconf 83' lang='lat' dir='ltr'><strong>Hoc</strong></span> <span class='ocrx_word' id='word_1_353' title='bbox 649 3735 702 3783; x_wconf 84' lang='lat' dir='ltr'><strong>est:</strong></span> <span class='ocrx_word' id='word_1_354' title='bbox 719 3729 749 3782; x_wconf 89' lang='lat' dir='ltr'><strong>ln</strong></span> <span class='ocrx_word' id='word_1_355' title='bbox 760 3730 866 3784; x_wconf 90' lang='lat' dir='ltr'><strong>nomine</strong></span> <span class='ocrx_word' id='word_1_356' title='bbox 878 3737 969 3786; x_wconf 91' lang='lat' dir='ltr'><strong>sancto</strong></span> <span class='ocrx_word' id='word_1_357' title='bbox 981 3731 1054 3786; x_wconf 86' lang='lat' dir='ltr'><strong>Paris</strong></span> <span class='ocrx_word' id='word_1_358' title='bbox 1066 3739 1095 3812; x_wconf 85' lang='lat' dir='ltr'><strong>et</strong></span> <span class='ocrx_word' id='word_1_359' title='bbox 1103 3731 1162 3786; x_wconf 82' lang='lat' dir='ltr'><strong>Filii</strong></span> <span class='ocrx_word' id='word_1_360' title='bbox 1179 3737 1205 3786; x_wconf 91' lang='lat' dir='ltr'><strong>et</strong></span> <span class='ocrx_word' id='word_1_361' title='bbox 1216 3732 1328 3806; x_wconf 85' lang='lat' dir='ltr'><strong>Spiritus</strong></span> <span class='ocrx_word' id='word_1_362' title='bbox 1346 3735 1439 3790; x_wconf 86' lang='lat' dir='ltr'><strong>sancti.</strong></span> <span class='ocrx_word' id='word_1_363' title='bbox 1462 3735 1486 3788; x_wconf 80' lang='lat' dir='ltr'>A</span> <span class='ocrx_word' id='word_1_364' title='bbox 1499 3749 1547 3804; x_wconf 92' lang='lat' dir='ltr'><strong>quo</strong></span> <span class='ocrx_word' id='word_1_365' title='bbox 1558 3725 1602 3798; x_wconf 74' lang='lat' dir='ltr'><strong>qui·</strong></span> 
     </span>
     <span class='ocr_line' id='line_1_38' title="bbox 455 3811 1601 3886; baseline -0.003 -16"><span class='ocrx_word' id='word_1_366' title='bbox 455 3817 514 3870; x_wconf 91' lang='lat' dir='ltr'><strong>dem</strong></span> <span class='ocrx_word' id='word_1_367' title='bbox 526 3833 605 3869; x_wconf 92' lang='lat' dir='ltr'><strong>sensu</strong></span> <span class='ocrx_word' id='word_1_368' title='bbox 616 3817 695 3886; x_wconf 91' lang='lat' dir='ltr'><strong>longe</strong></span> <span class='ocrx_word' id='word_1_369' title='bbox 705 3815 743 3868; x_wconf 91' lang='lat' dir='ltr'><strong>illi</strong></span> <span class='ocrx_word' id='word_1_370' title='bbox 754 3815 842 3868; x_wconf 86' lang='lat' dir='ltr'><strong>Patres</strong></span> <span class='ocrx_word' id='word_1_371' title='bbox 854 3816 1002 3871; x_wconf 87' lang='lat' dir='ltr'><strong>abhorrent.</strong></span> <span class='ocrx_word' id='word_1_372' title='bbox 1026 3817 1123 3872; x_wconf 89' lang='lat' dir='ltr'><strong>Verum</strong></span> <span class='ocrx_word' id='word_1_373' title='bbox 1139 3823 1168 3870; x_wconf 88' lang='lat' dir='ltr'><strong>ut</strong></span> <span class='ocrx_word' id='word_1_374' title='bbox 1185 3819 1307 3871; x_wconf 87' lang='lat' dir='ltr'><strong>carminis</strong></span> <span class='ocrx_word' id='word_1_375' title='bbox 1325 3817 1401 3872; x_wconf 86' lang='lat' dir='ltr'><strong>buius</strong></span> <span class='ocrx_word' id='word_1_376' title='bbox 1417 3819 1492 3874; x_wconf 88' lang='lat' dir='ltr'><strong>initio</strong></span> <span class='ocrx_word' id='word_1_377' title='bbox 1504 3811 1601 3871; x_wconf 79' lang='lat' dir='ltr'><strong>solennis</strong></span> 
     </span>
     <span class='ocr_line' id='line_1_39' title="bbox 454 3900 1602 3974; baseline -0.002 -18"><span class='ocrx_word' id='word_1_378' title='bbox 454 3903 500 3956; x_wconf 88' lang='lat' dir='ltr'><strong>illa</strong></span> <span class='ocrx_word' id='word_1_379' title='bbox 510 3901 634 3966; x_wconf 85' lang='lat' dir='ltr'><strong>iormula,</strong></span> <span class='ocrx_word' id='word_1_380' title='bbox 649 3900 679 3954; x_wconf 93' lang='lat' dir='ltr'><strong>In</strong></span> <span class='ocrx_word' id='word_1_381' title='bbox 691 3900 796 3954; x_wconf 89' lang='lat' dir='ltr'><strong>nomine</strong></span> <span class='ocrx_word' id='word_1_382' title='bbox 807 3901 891 3955; x_wconf 84' lang='lat' dir='ltr'><strong>Patris</strong></span> <span class='ocrx_word' id='word_1_383' title='bbox 903 3907 930 3955; x_wconf 88' lang='lat' dir='ltr'><strong>et</strong></span> <span class='ocrx_word' id='word_1_384' title='bbox 940 3901 999 3954; x_wconf 82' lang='lat' dir='ltr'><strong>Filii</strong></span> <span class='ocrx_word' id='word_1_385' title='bbox 1011 3907 1037 3956; x_wconf 90' lang='lat' dir='ltr'><strong>et</strong></span> <span class='ocrx_word' id='word_1_386' title='bbox 1048 3901 1160 3972; x_wconf 87' lang='lat' dir='ltr'><strong>Spiritus</strong></span> <span class='ocrx_word' id='word_1_387' title='bbox 1173 3904 1269 3968; x_wconf 90' lang='lat' dir='ltr'><strong>sancti,</strong></span> <span class='ocrx_word' id='word_1_388' title='bbox 1285 3903 1444 3974; x_wconf 84' lang='lat' dir='ltr'><strong>praescripta</strong></span> <span class='ocrx_word' id='word_1_389' title='bbox 1454 3905 1500 3970; x_wconf 89' lang='lat' dir='ltr'><strong>eit,</strong></span> <span class='ocrx_word' id='word_1_390' title='bbox 1517 3906 1602 3958; x_wconf 64' lang='lat' dir='ltr'><strong>caeteta</strong></span> 
     </span>
     <span class='ocr_line' id='line_1_40' title="bbox 412 3983 1603 4060; baseline -0.002 -18"><span class='ocrx_word' id='word_1_391' title='bbox 412 4033 430 4047; x_wconf 86' lang='lat'><strong>..</strong></span> <span class='ocrx_word' id='word_1_392' title='bbox 455 3994 543 4042; x_wconf 67' lang='lat' dir='ltr'><strong>umen</strong></span> <span class='ocrx_word' id='word_1_393' title='bbox 559 3985 592 4038; x_wconf 87' lang='lat' dir='ltr'><strong>ad</strong></span> <span class='ocrx_word' id='word_1_394' title='bbox 610 4001 669 4039; x_wconf 87' lang='lat' dir='ltr'><strong>eam</strong></span> <span class='ocrx_word' id='word_1_395' title='bbox 684 3985 854 4051; x_wconf 86' lang='lat' dir='ltr'><strong>sententiam,</strong></span> <span class='ocrx_word' id='word_1_396' title='bbox 871 4004 951 4057; x_wconf 88' lang='lat' dir='ltr'><strong>quam</strong></span> <span class='ocrx_word' id='word_1_397' title='bbox 962 3985 1084 4040; x_wconf 89' lang='lat' dir='ltr'><strong>irenaeus</strong></span> <span class='ocrx_word' id='word_1_398' title='bbox 1102 3987 1244 4060; x_wconf 80' lang='lat' dir='ltr'><strong>expressit,</strong></span> <span class='ocrx_word' id='word_1_399' title='bbox 1260 3989 1376 4042; x_wconf 80' lang='lat' dir='ltr'><strong>revocari</strong></span> <span class='ocrx_word' id='word_1_400' title='bbox 1390 3995 1525 4060; x_wconf 84' lang='lat' dir='ltr'><strong>poterunt,</strong></span> <span class='ocrx_word' id='word_1_401' title='bbox 1541 3985 1561 4040; x_wconf 89' lang='lat' dir='ltr'><strong>si</strong></span> <span class='ocrx_word' id='word_1_402' title='bbox 1576 3983 1603 4034; x_wconf 81' lang='lat' dir='ltr'><strong>it·</strong></span> 
     </span>
     <span class='ocr_line' id='line_1_41' title="bbox 455 4071 1601 4146; baseline -0.003 -17"><span class='ocrx_word' id='word_1_403' title='bbox 455 4073 521 4129; x_wconf 75' lang='lat' dir='ltr'><strong>viter</strong></span> <span class='ocrx_word' id='word_1_404' title='bbox 532 4071 708 4126; x_wconf 86' lang='lat' dir='ltr'><strong>emendentur.</strong></span> <span class='ocrx_word' id='word_1_405' title='bbox 729 4073 767 4126; x_wconf 80' lang='lat' dir='ltr'><strong>Ac</strong></span> <span class='ocrx_word' id='word_1_406' title='bbox 775 4071 894 4125; x_wconf 80' lang='lat' dir='ltr'><strong>fortassis</strong></span> <span class='ocrx_word' id='word_1_407' title='bbox 903 4071 973 4126; x_wconf 88' lang='lat' dir='ltr'><strong>hunc</strong></span> <span class='ocrx_word' id='word_1_408' title='bbox 983 4077 1029 4125; x_wconf 91' lang='lat' dir='ltr'><strong>aut</strong></span> <span class='ocrx_word' id='word_1_409' title='bbox 1040 4073 1151 4126; x_wconf 89' lang='lat' dir='ltr'><strong>similem</strong></span> <span class='ocrx_word' id='word_1_410' title='bbox 1163 4073 1195 4126; x_wconf 85' lang='lat' dir='ltr'><strong>ad</strong></span> <span class='ocrx_word' id='word_1_411' title='bbox 1208 4073 1314 4126; x_wconf 87' lang='lat' dir='ltr'><strong>modum</strong></span> <span class='ocrx_word' id='word_1_412' title='bbox 1327 4073 1485 4130; x_wconf 81' lang='lat' dir='ltr'><strong>conformari</strong></span> <span class='ocrx_word' id='word_1_413' title='bbox 1495 4073 1601 4146; x_wconf 67' lang='lat' dir='ltr'><strong>possunt:</strong></span> 
     </span>
    </p>
   </div>
   <div class='ocr_carea' id='block_1_3' title="bbox 455 4131 1603 4918">
    <p class='ocr_par' dir='ltr' id='par_1_12' title="bbox 455 4131 1603 4918">
     <span class='ocr_line' id='line_1_42' title="bbox 455 4131 1603 4232; baseline 0.001 -11"><span class='ocrx_word' id='word_1_414' title='bbox 455 4167 490 4221; x_wconf 63' lang='lat' dir='ltr'><strong>as</strong></span> <span class='ocrx_word' id='word_1_415' title='bbox 505 4163 568 4220; x_wconf 59' lang='lat' dir='ltr'><strong>uta</strong></span> <span class='ocrx_word' id='word_1_416' title='bbox 586 4162 661 4217; x_wconf 78' lang='lat' dir='ltr'><strong>sao</strong></span> <span class='ocrx_word' id='word_1_417' title='bbox 680 4163 786 4219; x_wconf 68' lang='lat' dir='ltr'><strong>unam</strong></span> <span class='ocrx_word' id='word_1_418' title='bbox 804 4163 934 4220; x_wconf 77' lang='lat' dir='ltr'><strong>sunan</strong></span> <span class='ocrx_word' id='word_1_419' title='bbox 952 4163 1040 4220; x_wconf 67' lang='lat' dir='ltr'><strong>aare</strong></span> <span class='ocrx_word' id='word_1_420' title='bbox 1062 4165 1125 4224; x_wconf 75' lang='lat' dir='ltr'><strong>resa</strong></span> <span class='ocrx_word' id='word_1_421' title='bbox 1145 4163 1217 4220; x_wconf 77' lang='lat' dir='ltr'><strong>aas</strong></span> <span class='ocrx_word' id='word_1_422' title='bbox 1236 4163 1326 4224; x_wconf 75' lang='lat' dir='ltr'><strong>saus</strong></span> <span class='ocrx_word' id='word_1_423' title='bbox 1351 4131 1425 4232; x_wconf 45' lang='lat' dir='ltr'><strong>&amp;a</strong></span> <span class='ocrx_word' id='word_1_424' title='bbox 1442 4167 1492 4216; x_wconf 72' lang='lat' dir='ltr'><strong>us.</strong></span> <span class='ocrx_word' id='word_1_425' title='bbox 1512 4159 1603 4228; x_wconf 69' lang='lat' dir='ltr'><strong>suat</strong></span> 
     </span>
     <span class='ocr_line' id='line_1_43' title="bbox 456 4225 1601 4327; baseline 0.001 -24"><span class='ocrx_word' id='word_1_426' title='bbox 456 4225 556 4327; x_wconf 53' lang='lat' dir='ltr'><strong>mbn</strong></span> <span class='ocrx_word' id='word_1_427' title='bbox 573 4254 689 4312; x_wconf 57' lang='lat' dir='ltr'><strong>abtin.</strong></span> <span class='ocrx_word' id='word_1_428' title='bbox 719 4249 791 4312; x_wconf 85' lang='lat' dir='ltr'><strong>Quae</strong></span> <span class='ocrx_word' id='word_1_429' title='bbox 807 4251 913 4322; x_wconf 91' lang='lat' dir='ltr'><strong>quidem</strong></span> <span class='ocrx_word' id='word_1_430' title='bbox 929 4251 1054 4306; x_wconf 85' lang='lat' dir='ltr'><strong>liebrsice</strong></span> <span class='ocrx_word' id='word_1_431' title='bbox 1071 4258 1097 4305; x_wconf 91' lang='lat' dir='ltr'><strong>et</strong></span> <span class='ocrx_word' id='word_1_432' title='bbox 1114 4253 1241 4306; x_wconf 66' lang='lat' dir='ltr'><strong>mamaea</strong></span> <span class='ocrx_word' id='word_1_433' title='bbox 1255 4251 1398 4308; x_wconf 80' lang='lat' dir='ltr'><strong>inflexione</strong></span> <span class='ocrx_word' id='word_1_434' title='bbox 1414 4253 1525 4308; x_wconf 83' lang='lat' dir='ltr'><strong>eundern</strong></span> <span class='ocrx_word' id='word_1_435' title='bbox 1538 4251 1601 4322; x_wconf 78' lang='lat' dir='ltr'><strong>plane</strong></span> 
     </span>
     <span class='ocr_line' id='line_1_44' title="bbox 456 4333 1602 4410; baseline 0 -18"><span class='ocrx_word' id='word_1_436' title='bbox 456 4355 563 4392; x_wconf 90' lang='lat' dir='ltr'><strong>sensnm</strong></span> <span class='ocrx_word' id='word_1_437' title='bbox 573 4335 684 4389; x_wconf 90' lang='lat' dir='ltr'><strong>reddunt</strong></span> <span class='ocrx_word' id='word_1_438' title='bbox 695 4351 772 4404; x_wconf 89' lang='lat' dir='ltr'><strong>quem</strong></span> <span class='ocrx_word' id='word_1_439' title='bbox 783 4333 883 4390; x_wconf 89' lang='lat' dir='ltr'><strong>irenaei</strong></span> <span class='ocrx_word' id='word_1_440' title='bbox 895 4335 996 4390; x_wconf 85' lang='lat' dir='ltr'><strong>Graeca</strong></span> <span class='ocrx_word' id='word_1_441' title='bbox 1006 4337 1162 4408; x_wconf 86' lang='lat' dir='ltr'><strong>praeierunt.</strong></span> <span class='ocrx_word' id='word_1_442' title='bbox 1183 4337 1251 4390; x_wconf 84' lang='lat' dir='ltr'><strong>Sunt</strong></span> <span class='ocrx_word' id='word_1_443' title='bbox 1263 4353 1295 4390; x_wconf 89' lang='lat' dir='ltr'><strong>ea</strong></span> <span class='ocrx_word' id='word_1_444' title='bbox 1306 4354 1367 4392; x_wconf 78' lang='lat' dir='ltr'><strong>vero</strong></span> <span class='ocrx_word' id='word_1_445' title='bbox 1379 4339 1474 4410; x_wconf 70' lang='lat' dir='ltr'><strong>pttim</strong></span> <span class='ocrx_word' id='word_1_446' title='bbox 1485 4356 1501 4392; x_wconf 90' lang='lat' dir='ltr'><strong>e</strong></span> <span class='ocrx_word' id='word_1_447' title='bbox 1511 4339 1602 4394; x_wconf 73' lang='lat' dir='ltr'><strong>Gneo.</strong></span> 
     </span>
     <span class='ocr_line' id='line_1_45' title="bbox 455 4419 1602 4494; baseline 0 -19"><span class='ocrx_word' id='word_1_448' title='bbox 455 4424 551 4494; x_wconf 85' lang='lat' dir='ltr'><strong>partim</strong></span> <span class='ocrx_word' id='word_1_449' title='bbox 567 4421 693 4475; x_wconf 82' lang='lat' dir='ltr'><strong>eVeteris</strong></span> <span class='ocrx_word' id='word_1_450' title='bbox 709 4419 856 4490; x_wconf 89' lang='lat' dir='ltr'><strong>interpretis</strong></span> <span class='ocrx_word' id='word_1_451' title='bbox 869 4420 963 4476; x_wconf 76' lang='lat' dir='ltr'><strong>istium</strong></span> <span class='ocrx_word' id='word_1_452' title='bbox 982 4423 1144 4476; x_wconf 80' lang='lat' dir='ltr'><strong>concinnata.</strong></span> <span class='ocrx_word' id='word_1_453' title='bbox 1167 4422 1240 4488; x_wconf 81' lang='lat' dir='ltr'><strong>Quod</strong></span> <span class='ocrx_word' id='word_1_454' title='bbox 1257 4429 1390 4494; x_wconf 87' lang='lat' dir='ltr'><strong>utcunque</strong></span> <span class='ocrx_word' id='word_1_455' title='bbox 1405 4429 1520 4492; x_wconf 68' lang='lat' dir='ltr'><strong>aomo,</strong></span> <span class='ocrx_word' id='word_1_456' title='bbox 1534 4419 1602 4477; x_wconf 75' lang='lat' dir='ltr'><strong>multo</strong></span> 
     </span>
     <span class='ocr_line' id='line_1_46' title="bbox 455 4501 1602 4580; baseline 0.002 -18"><span class='ocrx_word' id='word_1_457' title='bbox 455 4509 608 4578; x_wconf 84' lang='lat' dir='ltr'><strong>prudentius</strong></span> <span class='ocrx_word' id='word_1_458' title='bbox 624 4523 655 4560; x_wconf 85' lang='lat' dir='ltr'><strong>ac</strong></span> <span class='ocrx_word' id='word_1_459' title='bbox 670 4503 813 4560; x_wconf 88' lang='lat' dir='ltr'><strong>modestius</strong></span> <span class='ocrx_word' id='word_1_460' title='bbox 830 4513 870 4560; x_wconf 89' lang='lat' dir='ltr'><strong>est</strong></span> <span class='ocrx_word' id='word_1_461' title='bbox 886 4524 966 4578; x_wconf 89' lang='lat' dir='ltr'><strong>quam</strong></span> <span class='ocrx_word' id='word_1_462' title='bbox 982 4513 1079 4562; x_wconf 90' lang='lat' dir='ltr'><strong>temere</strong></span> <span class='ocrx_word' id='word_1_463' title='bbox 1091 4513 1190 4564; x_wconf 81' lang='lat' dir='ltr'><strong>veteres</strong></span> <span class='ocrx_word' id='word_1_464' title='bbox 1207 4515 1295 4578; x_wconf 88' lang='lat' dir='ltr'><strong>patres</strong></span> <span class='ocrx_word' id='word_1_465' title='bbox 1306 4509 1422 4564; x_wconf 82' lang='lat' dir='ltr'><strong>inscitiae</strong></span> <span class='ocrx_word' id='word_1_466' title='bbox 1434 4515 1512 4580; x_wconf 86' lang='lat' dir='ltr'><strong>atque</strong></span> <span class='ocrx_word' id='word_1_467' title='bbox 1524 4501 1602 4564; x_wconf 65' lang='lat' dir='ltr'><strong>errttrlt</strong></span> 
     </span>
     <span class='ocr_line' id='line_1_47' title="bbox 456 4585 1602 4666; baseline -0.001 -21"><span class='ocrx_word' id='word_1_468' title='bbox 456 4608 574 4662; x_wconf 87' lang='lat' dir='ltr'><strong>arguere.</strong></span> <span class='ocrx_word' id='word_1_469' title='bbox 598 4591 661 4656; x_wconf 86' lang='lat' dir='ltr'><strong>Quis</strong></span> <span class='ocrx_word' id='word_1_470' title='bbox 677 4591 899 4645; x_wconf 89' lang='lat' dir='ltr'><strong>nescitiiebraica</strong></span> <span class='ocrx_word' id='word_1_471' title='bbox 909 4593 1037 4648; x_wconf 85' lang='lat' dir='ltr'><strong>vocabula</strong></span> <span class='ocrx_word' id='word_1_472' title='bbox 1050 4591 1147 4648; x_wconf 83' lang='lat' dir='ltr'><strong>Graece</strong></span> <span class='ocrx_word' id='word_1_473' title='bbox 1164 4593 1226 4646; x_wconf 88' lang='lat' dir='ltr'><strong>olim</strong></span> <span class='ocrx_word' id='word_1_474' title='bbox 1241 4585 1351 4664; x_wconf 82' lang='lat' dir='ltr'><strong>sc&#39;ripta,</strong></span> <span class='ocrx_word' id='word_1_475' title='bbox 1369 4609 1436 4666; x_wconf 83' lang='lat' dir='ltr'><strong>quae</strong></span> <span class='ocrx_word' id='word_1_476' title='bbox 1452 4611 1485 4650; x_wconf 82' lang='lat' dir='ltr'><strong>ex</strong></span> <span class='ocrx_word' id='word_1_477' title='bbox 1498 4587 1602 4664; x_wconf 75' lang='lat' dir='ltr'><strong>origenis</strong></span> 
     </span>
     <span class='ocr_line' id='line_1_48' title="bbox 455 4673 1601 4750; baseline -0.002 -18"><span class='ocrx_word' id='word_1_478' title='bbox 455 4677 580 4750; x_wconf 80' lang='lat' dir='ltr'><strong>Hexaplis</strong></span> <span class='ocrx_word' id='word_1_479' title='bbox 593 4677 760 4750; x_wconf 63' lang='lat' dir='ltr'><strong>(temptuque</strong></span> <span class='ocrx_word' id='word_1_480' title='bbox 771 4677 841 4748; x_wconf 87' lang='lat' dir='ltr'><strong>apud</strong></span> <span class='ocrx_word' id='word_1_481' title='bbox 853 4675 1067 4748; x_wconf 74' lang='lat' dir='ltr'><strong>Chrysostomurn</strong></span> <span class='ocrx_word' id='word_1_482' title='bbox 1078 4679 1196 4748; x_wconf 85' lang='lat' dir='ltr'><strong>aliosque</strong></span> <span class='ocrx_word' id='word_1_483' title='bbox 1206 4677 1296 4732; x_wconf 87' lang='lat' dir='ltr'><strong>Patres</strong></span> <span class='ocrx_word' id='word_1_484' title='bbox 1307 4679 1438 4749; x_wconf 87' lang='lat' dir='ltr'><strong>leguntur,</strong></span> <span class='ocrx_word' id='word_1_485' title='bbox 1453 4685 1508 4734; x_wconf 84' lang='lat' dir='ltr'><strong>tam</strong></span> <span class='ocrx_word' id='word_1_486' title='bbox 1521 4679 1552 4732; x_wconf 87' lang='lat' dir='ltr'><strong>ab</strong></span> <span class='ocrx_word' id='word_1_487' title='bbox 1562 4673 1601 4730; x_wconf 79' lang='lat' dir='ltr'><strong>lle·</strong></span> 
     </span>
     <span class='ocr_line' id='line_1_49' title="bbox 456 4759 1601 4837; baseline -0.002 -20"><span class='ocrx_word' id='word_1_488' title='bbox 456 4765 727 4824; x_wconf 84' lang='lat' dir='ltr'><strong>brasisabsonaesse,</strong></span> <span class='ocrx_word' id='word_1_489' title='bbox 737 4762 837 4827; x_wconf 81' lang='lat' dir='ltr'><strong>utillo,</strong></span> <span class='ocrx_word' id='word_1_490' title='bbox 849 4763 900 4816; x_wconf 91' lang='lat' dir='ltr'><strong>nisi</strong></span> <span class='ocrx_word' id='word_1_491' title='bbox 908 4761 972 4816; x_wconf 83' lang='lat' dir='ltr'><strong>haec</strong></span> <span class='ocrx_word' id='word_1_492' title='bbox 984 4761 1152 4828; x_wconf 87' lang='lat' dir='ltr'><strong>haberemus,</strong></span> <span class='ocrx_word' id='word_1_493' title='bbox 1164 4763 1236 4820; x_wconf 86' lang='lat' dir='ltr'><strong>uuila</strong></span> <span class='ocrx_word' id='word_1_494' title='bbox 1247 4766 1352 4836; x_wconf 87' lang='lat' dir='ltr'><strong>assequi</strong></span> <span class='ocrx_word' id='word_1_495' title='bbox 1361 4764 1484 4820; x_wconf 65' lang='lat' dir='ltr'><strong>denudo</strong></span> <span class='ocrx_word' id='word_1_496' title='bbox 1495 4759 1601 4837; x_wconf 80' lang='lat' dir='ltr'><strong>potuedt</strong></span> 
     </span>
     <span class='ocr_line' id='line_1_50' title="bbox 456 4845 1600 4918; baseline -0.001 -16"><span class='ocrx_word' id='word_1_497' title='bbox 456 4845 557 4903; x_wconf 77' lang='lat' dir='ltr'><strong>(lansec</strong></span> <span class='ocrx_word' id='word_1_498' title='bbox 572 4847 650 4903; x_wconf 87' lang='lat' dir='ltr'><strong>baius</strong></span> <span class='ocrx_word' id='word_1_499' title='bbox 667 4846 799 4903; x_wconf 73' lang='lat' dir='ltr'><strong>varietatis</strong></span> <span class='ocrx_word' id='word_1_500' title='bbox 817 4853 857 4902; x_wconf 90' lang='lat' dir='ltr'><strong>est</strong></span> <span class='ocrx_word' id='word_1_501' title='bbox 872 4847 1057 4905; x_wconf 82' lang='lat' dir='ltr'><strong>Hebraicarum</strong></span> <span class='ocrx_word' id='word_1_502' title='bbox 1074 4865 1167 4905; x_wconf 82' lang='lat' dir='ltr'><strong>vocum</strong></span> <span class='ocrx_word' id='word_1_503' title='bbox 1185 4849 1299 4918; x_wconf 78' lang='lat' dir='ltr'><strong>diversa,</strong></span> <span class='ocrx_word' id='word_1_504' title='bbox 1322 4867 1371 4905; x_wconf 92' lang='lat' dir='ltr'><strong>nec</strong></span> <span class='ocrx_word' id='word_1_505' title='bbox 1391 4849 1424 4904; x_wconf 88' lang='lat' dir='ltr'><strong>ad</strong></span> <span class='ocrx_word' id='word_1_506' title='bbox 1442 4851 1547 4904; x_wconf 88' lang='lat' dir='ltr'><strong>aliarum</strong></span> <span class='ocrx_word' id='word_1_507' title='bbox 1562 4845 1600 4900; x_wconf 82' lang='lat' dir='ltr'><strong>lin·</strong></span> 
     </span>
    </p>
   </div>
   <div class='ocr_carea' id='block_1_4' title="bbox 0 0 1833 5642">
    <p class='ocr_par' dir='ltr' id='par_1_13' title="bbox 0 0 1833 5642">
     <span class='ocr_line' id='line_1_51' title="bbox 0 0 1833 5642; baseline 0 0"><span class='ocrx_word' id='word_1_508' title='bbox 0 0 1833 5642; x_wconf 95' lang='lat' dir='ltr'><strong> </strong></span> 
     </span>
    </p>
   </div>
  </div>
 </body>
</html>
