3650 5642
1306 632 1374 690 CVII

244 800 325 838 annuns
334 800 380 855 quo
390 785 523 856 Augustus
535 786 601 841 obiit
611 786 747 841 convenire
758 790 857 857 potest,
873 786 919 840 sed
930 786 964 841 ecl
974 786 1072 841 liberii
1083 804 1135 853 ιιι,
1153 791 1184 841 ut
1192 786 1306 841 Lucidus
1317 788 1373 843 alii·

244 888 287 939 que
300 870 472 935 demonstrant3
494 873 540 941 qni
556 870 605 925 hoc
622 878 755 942 praeterea
774 870 943 937 confirmant,
962 888 1048 942 nequa
1068 890 1101 926 eo
1120 889 1173 943 quo
1192 878 1312 927 mortuus
1334 878 1375 927 est

242 958 354 1025 Augustus
364 972 442 1023 uno,
456 972 544 1028 neque
558 958 676 1027 sequenti
687 958 767 1011 ullum
779 958 842 1011 solis
853 957 964 1027 eclipsin
974 958 1108 1012 accidisse.
1132 956 1290 1013 Crediderim
1300 960 1373 1029 equi·

244 1042 291 1093 dem
301 1042 396 1096 Dionem
412 1044 473 1097 solis
491 1044 620 1097 deiectum
635 1060 681 1114 pro
693 1043 779 1097 lunari
789 1059 836 1113 per
847 1042 1049 1113 imprudentiam
1059 1042 1192 1097 hahuieae.
1213 1042 1282 1097 Nam
1292 1045 1371 1115 paulo

244 1134 290 1196 post
299 1128 398 1197 Augusti
407 1136 519 1183 mortem
528 1129 593 1182 luna
603 1129 708 1194 deiecit,
720 1128 792 1199 Sept.
804 1144 899 1193 xxvrn,
912 1128 986 1182 euius
997 1144 1078 1200 supra
1087 1130 1262 1185 meminimus.
1289 1129 1374 1194 Quam

243 1228 290 1265 sero
301 1212 357 1267 tslsa
366 1216 399 1267 sit
407 1214 641 1285 hiiddelburgeneis
657 1214 702 1268 illa
717 1215 783 1269 ratio
800 1218 873 1285 patet
883 1230 918 1267 ex
929 1231 960 1268 eo
972 1214 1042 1284 quod
1052 1230 1134 1285 supra
1143 1216 1314 1271 constitutum
1325 1222 1373 1281 eet,

243 1298 364 1367 liguum
375 1316 440 1355 anno
452 1301 568 1371 vulgaris
580 1316 656 1355 aerae
667 1318 733 1365 ιιι,
744 1316 798 1353 non
809 1318 865 1365 xm,
882 1306 1015 1354 mortuum
1027 1316 1093 1353 esse.
1116 1299 1151 1353 At
1161 1301 1266 1372 eclipsis
1275 1301 1322 1355 illa
1332 1319 1373 1355 eo·

243 1384 268 1435 lis
281 1384 344 1438 tertio
359 1391 416 1456 post
432 1386 489 1439 eius
507 1387 606 1442 obitum
623 1401 692 1439 anno
709 1386 827 1456 contigit
861 1387 975 1457 Augusti
985 1402 1046 1439 sero
1061 1392 1173 1439 mortem
1188 1386 1216 1439 in
1232 1387 1374 1441 etenum

242 1472 371 1523 summoveri
381 1486 428 1524 nee
439 1472 548 1525 Herodis
563 1488 702 1537 annorum,
720 1488 767 1525 uec
783 1472 865 1542 ipsius
877 1472 1002 1542 Augusti,
1018 1477 1140 1526 securata
1154 1474 1314 1543 computatio
1325 1489 1374 1527 uec
1452 1476 1460 1493 '

242 1553 393 1609 leomarum
404 1558 542 1611 consensio
553 1556 686 1629 permittit
709 1558 747 1611 Ac
759 1558 782 1611 si
790 1574 881 1611 rernm
892 1563 970 1621 asset,
982 1557 1052 1627 quod
1062 1556 1158 1611 Paulus
1170 1558 1309 1624 contendit,
1320 1576 1374 1613 non

243 1640 336 1705 biennio,
346 1642 389 1695 sed
400 1643 525 1707 triennio,
536 1642 679 1712 Dionysius
690 1641 864 1697 hallucinatus
875 1643 950 1698 ioret
967 1642 1068 1713 Quippe
1077 1642 1149 1696 idem
1159 1658 1245 1697 annua
1256 1644 1302 1713 qui
1312 1643 1374 1698 Dio·

241 1726 300 1791 opsio
310 1744 356 1781 xrs.
368 1732 417 1791 est,
434 1746 476 1781 xv.
494 1728 528 1781 ab
543 1728 655 1783 Eusebio
672 1734 831 1793 numeratur,
848 1729 918 1799 quod
934 1730 957 1783 is
971 1729 1087 1783 natalem
1097 1726 1193 1781 Christi
1209 1729 1330 1782 coniiciat
1345 1729 1374 1783 in

242 1826 318 1863 eunom
328 1814 425 1866 tertium
439 1814 541 1883 Olymp.
555 1828 655 1879 orcum,
673 1830 725 1885 quo
743 1814 834 1868 eodem
850 1830 920 1867 auno
930 1814 1037 1867 ineunte
1048 1830 1110 1867 aera
1120 1812 1216 1867 Christi
1225 1812 1374 1867 Eusebium·

241 1896 322 1949 inimum
332 1897 418 1963 habat,
436 1899 536 1952 Iuliano
548 1916 622 1964 rau,
640 1900 800 1970 Dionysiana
811 1916 873 1954 sero
885 1900 1005 1970 sequenti
1016 1916 1087 1954 xnvr.
1110 1898 1207 1953 Verum
1218 1899 1250 1955 de
1261 1899 1374 1969 Augusti

241 1981 359 2036 ciliciolis
370 1984 443 2039 annis
452 2000 516 2038 mox
528 1984 664 2039 dicendum
675 1986 731 2041 erit.

276 2186 564 2245 incuriositatis
582 2190 671 2257 QUAE
689 2188 866 2247 ADVERSUS
884 2188 1122 2245 DlONYSIANAM
1138 2190 1257 2244 Assem
1274 2190 1322 2244 EX
1398 2209 1474 2259 pne.

466 2276 609 2332 IOSEPHO
627 2276 739 2332 NUPER
756 2274 858 2331 OBIIGI
876 2274 1120 2330 compulsoris.

289 2411 401 2467 Omnium
414 2430 481 2485 quse
492 2417 619 2487 superiori
630 2417 715 2488 capite
726 2414 896 2470 dissernimrm
908 2430 940 2467 eo
952 2430 1055 2467 summa
1064 2414 1144 2478 redit,
1160 2414 1226 2467 utel
1241 2414 1300 2484 quis
1309 2415 1372 2468 Dio·

242 2496 350 2563 ursianam
362 2515 447 2554 aeram
459 2516 489 2554 ac
500 2518 666 2557 communem
677 2503 743 2557 tueri
751 2502 822 2567 velit,
833 2500 982 2554 necessario
992 2499 1057 2553 haec
1067 2499 1198 2553 affirmare
1208 2499 1310 2565 debeat,
1321 2501 1372 2570 pri·

242 2597 294 2633 nrm
303 2586 354 2637 eins
364 2586 468 2639 initium
478 2602 547 2641 auno
560 2588 659 2641 loliano
671 2606 743 2642 xum.
760 2587 889 2658 coepisse,
905 2586 935 2641 Ο.
948 2584 1059 2639 meare
1075 2590 1101 2638 et
1110 2585 1191 2639 Paulo
1204 2600 1286 2650 coes,
1302 2602 1334 2639 ao
1349 2586 1372 2639 si

242 2670 333 2732 proxima
343 2676 402 2724 ante
414 2673 568 2743 principium
580 2678 756 2727 remensium
768 2688 826 2726 esse
838 2670 969 2725 Christum
984 2672 1129 2735 existimet,
1143 2671 1171 2724 id
1186 2686 1256 2725 anno
1272 2671 1373 2725 Iuliano

243 2768 284 2807 nr.
295 2756 463 2823 tribuendum,
481 2774 548 2811 coss.
560 2758 679 2812 Cornelio
691 2758 801 2811 Lentulo
817 2764 845 2810 ct
861 2756 1001 2828 (lalpnmio
1012 2756 1119 2811 Pisone:
1135 2756 1228 2815 deinde
1243 2756 1375 2811 christum

243 2852 302 2892 amos
316 2848 404 2895 nutum
420 2860 515 2896 novem
531 2848 558 2895 st
568 2843 661 2913 viginti
678 2842 711 2897 ad
722 2844 882 2913 baptismum
894 2843 1048 2908 accessisse,
1064 2858 1133 2897 enno
1144 2843 1241 2896 'liberii
1251 2844 1374 2908 xv1.‚Vi·
1487 2885 1491 2897 .

243 2924 290 2976 nicio
300 2932 321 2977 et
330 2926 447 2999 Longino
459 2943 526 2981 coss.
538 2929 644 2982 ineunte
656 2930 793 2983 tricesimo.
816 2929 870 2983 ilao
887 2944 942 2983 una
956 2930 1057 2982 ratione
1068 2928 1167 2985 biennii
1179 2930 1374 3001 μετοχρονισμος

243 3008 377 3066 illederitari
387 3019 485 3084 potest,
502 3030 579 3084 quern
593 3014 709 3085 Scaliger
721 3016 828 3085 sineque
840 3020 980 3070 sectatores
991 3014 1133 3080 obiiciunt3
1149 3015 1195 3085 qui
1210 3016 1315 3085 quidem
1329 3032 1374 3069 ne·

242 3098 327 3150 emeno
343 3100 467 3169 sequitur,
483 3100 506 3152 ei
522 3100 632 3154 Lentulo
645 3116 675 3153 ac
687 3101 837 3155 Marcellino
849 3118 915 3154 cose.
927 3101 1028 3154 Iuliano
1038 3118 1116 3156 xum.
1128 3106 1220 3154 natum
1232 3118 1291 3155 esse
1301 3101 1373 3155 chri-

243 3184 290 3233 stum
301 3198 408 3250 asseras,
421 3190 447 3238 et
458 3184 555 3239 'liberii
567 3204 623 3251 xm,
635 3185 735 3239 Iuliano
744 3204 847 3251 uxrru,
859 3186 951 3239 aetatis
963 3201 1026 3238 suae
1037 3186 1169 3239 tmcssinm
1179 3186 1234 3239 iarn
1245 3187 1373 3252 absoluto,

244 3262 320 3321 imonis
331 3286 389 3323 sero
401 3270 532 3324 tricesimo
543 3272 640 3341 primo,
652 3272 810 3341 baptizatum
821 3272 911 3325 inisse.

290 3352 316 3405 lit
325 3352 447 3409 ismenus
461 3356 565 3426 quidem
578 3362 646 3410 recte
658 3358 804 3410 communis
817 3372 878 3409 aere
888 3354 1025 3426 procedere
1037 3356 1129 3426 potuit
1152 3354 1206 3409 Setl
1216 3372 1284 3408 nova
1295 3373 1374 3426 qnae-

244 3434 283 3488 hn
297 3445 349 3493 suis
363 3440 411 3494 hoe
423 3442 517 3512 viginti
534 3458 617 3496 annos
634 3442 718 3497 eidem
734 3442 833 3496 moveri
849 3442 1026 3495 controversia
1041 3442 1133 3512 coepit
1153 3440 1222 3495 Nam
1234 3442 1279 3511 qui
1294 3443 1322 3495 in
1334 3442 1373 3496 lo·

244 3520 293 3589 septi
303 3526 444 3593 gravissimi
454 3528 588 3599 scriptoris
603 3527 737 3582 historiam
755 3528 904 3599 diligentius
922 3528 1108 3593 incubuerunt,
1125 3542 1235 3597 eamque
1252 3544 1312 3581 curn
1322 3528 1374 3583 Ro·

244 3610 303 3661 uero
313 3609 436 3666 histor-icis
448 3614 643 3668 accuratissime
654 3616 831 3680 contulerunt,
848 3614 942 3667 cruditi
952 3615 1112 3685 solertesque
1123 3612 1288 3685 chronologi,
1298 3615 1374 3669 facile

245 3688 434 3760 ipsissimum
445 3716 498 3752 non
510 3700 615 3755 biennio
627 3702 725 3766 solum,
737 3701 782 3754 sed
794 3706 820 3753 et
831 3700 1014 3771 quadriennio,
1026 3702 1067 3754 vel
1079 3701 1272 3771 quinquennio,
1283 3718 1374 3757 rernm

245 3774 312 3833 tems
326 3784 440 3837 nahlem
456 3786 650 3856 anticipandum
667 3804 737 3851 esee,
754 3788 778 3839 si
788 3802 850 3839 vera
861 3792 924 3839 sumt
935 3802 1001 3855 quae
1012 3786 1046 3839 sb
1056 3786 1109 3839 illia
1120 3785 1249 3839 historicis
1261 3788 1374 3858 produn·

245 3867 277 3913 ln.
294 3864 433 3939 Dispntsrtt
444 3886 475 3921 es
487 3870 518 3922 de
529 3886 557 3923 re
568 3872 666 3941 primus
678 3872 795 3925 omniurn
807 3871 935 3925 Delerius
946 3877 1048 3936 noster3
1065 3874 1139 3925 cuius
1151 3874 1307 3925 sententiam
1319 3889 1373 3925 am-

246 3944 310 4009 plexos
321 3958 356 4005 est
367 3958 396 4006 et
406 3954 544 4009 illustrarit
555 3956 695 4025 plurimum
707 3957 833 4027 Keplerme
844 3958 956 4027 insignis
967 3956 1165 4011 mathematicus
1175 3958 1243 4011 libro
1254 3958 1287 4021 de
1297 3960 1373 4011 Anno

245 4026 315 4099 leni,
328 4046 352 4090 et
366 4040 396 4093 in
412 4038 517 4109 Eclogis
534 4039 712 4111 Chronologie.
748 4040 831 4106 Quam
851 4043 957 4096 illorum
976 4045 1125 4114 opinionem
1141 4043 1248 4112 dignam
1264 4042 1374 4095 arbitror

245 4128 290 4179 quea
299 4122 367 4176 mmm
380 4128 459 4193 utque
471 4125 551 4177 etiarn
561 4126 744 4191 consideretur,
760 4128 896 4199 indIgnam
912 4134 980 4181 certa
992 4142 1071 4197 quom
1082 4144 1141 4180 cum
1153 4128 1210 4181 eius
1222 4131 1311 4180 autore
1322 4126 1373 4178 De·

245 4194 292 4255 letio
299 4206 333 4259 vir
342 4209 401 4279 pius
413 4216 440 4261 et
451 4208 565 4263 eruditus
576 4228 642 4281 pene
654 4210 774 4266 hostilem
785 4214 813 4266 in
826 4213 934 4267 modam
945 4211 1128 4282 proscriberet,
1139 4218 1266 4282 tanquam
1276 4226 1372 4263 norum

246 4288 344 4345 tlebussi
354 4294 434 4349 totius
447 4295 572 4349 ecclcsiae
582 4302 716 4350 remotam.
739 4297 795 4367 ligo
807 4314 868 4353 vcro
881 4312 976 4351 nouam
992 4312 1051 4348 esse
1067 4297 1171 4365 quidem
1185 4298 1258 4350 illam
1273 4310 1324 4348 nec
1339 4295 1372 4347 ab

246 4372 327 4442 ²uliquis
338 4386 489 4451 usurpatam
500 4382 587 4448 rideo,
600 4382 681 4453 qood,
694 4387 724 4437 ut
735 4383 832 4437 dictum
843 4390 896 4448 est,
908 4397 1062 4453 persuasum
1072 4381 1197 4435 haetenus
1209 4386 1280 4434 esset
1289 4380 1373 4433 omni·

246 4450 277 4507 lm
286 4458 404 4520 Christum
421 4468 520 4520 moris
530 4482 598 4521 enno
613 4468 743 4523 tricesimo
755 4470 916 4539 baptizatum
927 4484 996 4532 esse,
1012 4484 1097 4538 neque
1112 4468 1254 4538 partiorssw
1265 4462 1320 4524 eget
1331 4481 1373 4518 ra·

246 4538 313 4627 Qen
323 4550 460 4605 admodum
471 4551 609 4618 haberent,
627 4554 751 4608 eeclesiae
762 4572 823 4608 vero
840 4554 942 4607 decreto
960 4553 1007 4605 ulli
1018 4554 1060 4606 vol
1076 4552 1207 4605 autoritati
1218 4566 1372 4621 repugnare,

246 4622 398 4690 14ο-οοοοιοοοι·
410 4652 487 4707 nego.
511 4636 569 4692 Non
586 4640 656 4693 enim
674 4646 820 4711 temporum
837 4654 1017 4708 annorumque
1032 4638 1111 4691 tricas
1122 4639 1186 4691 istas
1198 4652 1229 4689 ac
1240 4636 1372 4703 minutias,

247 4714 461 4775 ¹ttinterrsllorum
474 4728 552 4793 atquc
563 4722 720 4795 epocharum
732 4722 852 4795 ἀκρίβειαν
864 4730 939 4777 curat
949 4723 1082 4787 ecclaesia,
1099 4723 1144 4776 sed
1162 4727 1265 4792 recepta
1280 4738 1311 4775 se
1326 4740 1371 4793 po-

248 4794 304 4881 liltfi
313 4808 540 4879 computandorum
551 4816 697 4880 temporum
708 4810 809 4863 rationo
821 4814 943 4862 contenta
953 4814 1001 4861 est.
1018 4808 1083 4872 Quis
1094 4808 1164 4861 enim
1174 4813 1249 4879 putat
1258 4813 1372 4862 vetarem

249 4876 295 4938 llam
303 4902 422 4949 tonorum
434 4894 467 4951 ab
480 4894 542 4951 orbe
554 4894 657 4950 condito
670 4910 800 4951 summam
811 4910 826 4949 ο
839 4892 997 4949 Graecorum
1007 4894 1125 4950 lontibus
1140 4892 1275 4959 hausm,
1293 4908 1372 4964 quam
