3650 5642
1333 621 1395 680 m
1500 699 1503 707 .

312 778 384 842 Mle
394 779 477 852 uqa]
502 780 654 852 aagendam
665 779 772 837 omniuo
782 780 861 841 liudis
872 779 913 832 eei
924 779 999 850 Σιγὴ,
1014 781 1045 834 nt
1059 780 1088 834 ln
1099 778 1209 846 tutans
1218 777 1332 849 paribus.
1357 778 1395 831 de

257 879 305 918 aun
314 869 366 918 tota
375 867 423 920 illa
433 867 513 922 series
524 867 592 938 apud
602 866 738 922 Irenaeum
751 871 779 920 at
788 866 976 922 Tertullianum
991 866 1101 936 legatur,
1116 864 1179 936 quid
1194 863 1263 936 apud
1276 863 1394 934 singulos

256 948 369 1004 drasam
379 953 415 1006 sit
425 969 474 1006 rao
484 953 543 1007 ioco
554 953 694 1006 docebitur.

294 1034 323 1088 N.
332 1053 370 1092 ua
388 1037 464 1090 Οὕτω
474 1035 524 1108 γάρ
535 1055 595 1108 paco
605 1037 646 1090 ccl
656 1036 680 1091 oi
690 1036 745 1108 aspi
756 1036 799 1090 τίον
810 1036 947 1106 Ἡσίοδον]
969 1035 1036 1091 (ium
1045 1037 1173 1092 vocabula
1182 1035 1253 1108 ipsa,
1264 1039 1321 1088 tum
1332 1033 1394 1088 ordo

254 1119 343 1175 darum
355 1138 387 1176 ac
402 1123 483 1178 serim
498 1124 638 1196 plurimum
649 1124 683 1177 sb
693 1123 821 1179 Hesiodeo
831 1123 878 1178 illo
888 1123 1007 1194 catalogo
1024 1123 1178 1195 discrepant
1210 1121 1265 1176 Sed
1278 1121 1307 1175 in
1317 1120 1395 1191 nugis

255 1207 394 1278 papolopt'o
403 1210 525 1279 putidum
535 1216 582 1263 est

307 1292 337 1346 ll.
347 1311 382 1349 tr.
401 1294 441 1350 lt
452 1294 480 1348 dd
490 1295 559 1366 scapio
568 1295 715 1366 gemituosa]
738 1293 855 1349 Obscura
868 1299 896 1347 et
908 1294 1029 1348 intricata
1039 1293 1169 1348 valerent
1179 1292 1244 1348 haas
1254 1297 1295 1348 ast
1305 1292 1395 1346 oratio.

252 1375 328 1431 mon
336 1379 443 1450 qnidam
452 1381 499 1434 sila
509 1381 684 1452 inscriptionis
693 1381 833 1434 iormulsm
843 1380 1000 1450 praeierunt.
1021 1379 1158 1434 (laetorum
1168 1377 1217 1433 hoe
1228 1380 1315 1450 ipsum
1325 1377 1395 1447 irog-

252 1471 355 1518 uauturn
368 1481 456 1536 nequa
470 1482 487 1520 a
497 1467 634 1520 Valentino
649 1467 788 1536 scriptum,
801 1481 887 1536 nsque
896 1481 991 1536 purum
1003 1479 1033 1519 ae
1044 1469 1137 1536 putum
1144 1465 1215 1518 iliius
1223 1464 1319 1535 dogms
1326 1479 1395 1518 oom-

252 1548 369 1617 plectitor,
385 1552 433 1605 sed
444 1553 479 1605 ab
490 1553 546 1605 eins
557 1548 689 1624 discipulis
700 1551 898 1623 interpolatum,
909 1559 939 1605 ut
950 1567 984 1604 ex
995 1551 1100 1604 Tertull.
1111 1550 1248 1620 colligitur.

304 1633 367 1688 (lire
377 1635 427 1706 γὰρ
437 1635 515 1707 ἀρχῆς
527 1634 541 1688 ὅ
552 1635 726 1708 Αὐτοπίιτωρ]
747 1636 898 1707 Legendum
908 1637 1029 1690 arbitror:
1048 1631 1089 1687 irc
1099 1633 1146 1707 γὰρ
1158 1633 1183 1696 ii
1195 1631 1279 1706 ἀρχῆς.

305 1719 373 1773 lieris
383 1727 459 1774 τοῦτο
470 1722 498 1774 dt
508 1720 524 1789 ἡ
533 1722 615 1792 limi]
635 1721 768 1786 Quantum
778 1723 806 1775 in
817 1723 986 1776 tenebricosis
997 1721 1187 1792 implicatisque
1196 1720 1293 1774 iabulis
1304 1720 1396 1790 diapiei

250 1810 337 1872 potest,
347 1805 397 1860 hoc
409 1808 497 1878 ipsum
508 1808 654 1877 significare
665 1808 779 1861 ridetur:
800 1808 882 1878 Sigan
893 1824 908 1860 e
920 1805 1004 1876 Bytho
1018 1806 1121 1860 Patrem
1132 1805 1254 1876 genuisse
1265 1805 1395 1870 Veritatis,

251 1896 296 1942 tun
308 1907 369 1945 rere
383 1909 446 1946 cuna
461 1893 553 1946 amem
569 1894 615 1946 illo
631 1909 710 1964 quem
725 1898 852 1963 genuerat
866 1893 1013 1962 copulatam
1024 1892 1165 1945 Veritatem
1177 1890 1294 1946 edidisse.
1321 1889 1395 1954 Quod

250 1975 312 2028 aliter
321 1977 391 2047 apud
401 1978 470 2033 hen.
483 1983 510 2032 et
519 1979 624 2032 Tertuli.
635 1979 739 2048 legitur.
767 1977 836 2032 liano
851 1995 886 2032 ex
898 1976 983 2047 Bytho
999 1983 1027 2032 at
1037 1977 1101 2047 Siga
1112 1977 1204 2030 ambos
1214 1976 1273 2031 illos
1283 1975 1394 2041 deonas,

249 2058 339 2114 Ριίοννο
349 2063 406 2116 aiva
416 2062 490 2129 Nun,
501 2069 529 2116 et
537 2065 678 2118 Veritatem
688 2069 823 2134 susceptos
835 2069 962 2119 asserunt

306 2145 336 2199 'il
347 2143 471 2218 ἄφθαρτος
480 2145 586 2216 devia]
602 2148 666 2219 Lag.
675 2147 736 2201 αἰὼν
743 2165 790 2221 pro
800 2146 893 2202 eiecta.
910 2149 978 2203 Nam
986 2155 1013 2203 et
1020 2149 1130 2204 taurinae
1140 2147 1396 2202 deonesliaientinus
1513 2155 1515 2158 '

255 2233 406 2288 nominabat.
427 2233 533 2287 Tartull
545 2241 637 2288 contra
647 2236 748 2290 Valent.
760 2251 816 2307 cap.
828 2253 871 2290 ιιι
888 2235 1034 2289 il'oos'satoae
1045 2243 1106 2287 actu
1116 2237 1204 2287 Acon:
1219 2235 1398 2288 oidem'tsoloe·

251 2321 341 2382 oeus,
351 2319 450 2389 Sophia
462 2325 526 2371 ονιίπι
538 2339 623 2373 eomes
635 2332 679 2377 est.
1424 2345 1426 2348 ·

305 2403 430 2475 Μητραὴν
441 2406 636 2477 κροννεγιιαμίνη
648 2405 812 2477 Προίνικίαν]
837 2406 915 2460 Forte
927 2403 1070 2476 Προίνιοιίοιν
1081 2421 1128 2476 pro
1138 2405 1253 2460 libidinis
1268 2405 1396 2460 illecebris

250 2490 363 2559 sumpsit,
380 2496 410 2542 ut
427 2490 532 2561 μητρυιὴ
544 2487 593 2542 ἀπο
605 2496 648 2558 τῆς
660 2493 753 2564 μήτρας
764 2492 903 2545 deductum
920 2492 961 2544 sit.
987 2491 1111 2561 Origenes
1123 2492 1151 2545 iu
1162 2491 1267 2545 Celsum
1282 2497 1345 2546 tom.
1356 2509 1395 2546 vr:

252 2571 376 2643 lipsiensis
387 2576 417 2627 δί
426 2593 480 2628 τινα
490 2577 578 2647 σοφίαν
590 2575 613 2628 oi
624 2575 673 2629 ἀπὸ
685 2576 847 2630 Οὐαλεντίνου
858 2573 1006 2648 ὀνομάζουσι
1017 2574 1080 2629 κατὰ
1093 2576 1136 2645 τὴν
1148 2577 1331 2648 πεπλανημένην
1342 2574 1397 2628 iao·

251 2663 293 2709 τῶν
302 2659 397 2729 copiae·
409 2655 438 2728 ἧς
450 2662 577 2733 σύμβολον
589 2658 648 2715 εἶναι
660 2662 790 2731 βούλονται
801 2663 841 2715 καί
853 2661 950 2716 δώδεκα
961 2659 1036 2716 ἔτεσιν
1048 2661 1235 2734 αἱμορῥοοῦσαν.
1255 2661 1307 2716 Sed
1317 2677 1398 2716 uuam
1476 2708 1482 2720 .

249 2745 369 2812 quandam
385 2762 415 2799 ae
433 2748 594 2818 singularem
611 2747 748 2818 Προῦνοιον
764 2765 782 2803 a
797 2749 987 2804 Valentinianis
1003 2749 1159 2819 appellatam
1175 2765 1228 2802 uon
1245 2753 1321 2818 puto,
1338 2765 1397 2803 cum

249 2827 387 2896 ilpedeizoor
397 2832 500 2887 Aeones
513 2849 603 2888 omnes
614 2835 815 2904 nuncupaverit,
827 2834 877 2888 hoe
888 2835 992 2904 quidem
1003 2835 1031 2887 in
1041 2835 1116 2889 libro.

304 2915 334 2971 ti.
345 2935 382 2972 ra
398 2914 471 2979 'flacc
485 2917 564 2985 ἡνώθν
580 2923 632 2981 τοῖς
650 2920 735 2989 poci]
760 2919 828 2984 Quid
843 2917 952 2972 silton
967 2935 1014 2990 pro
1031 2919 1095 2990 poet
1111 2919 1250 2991 legandum
1267 2919 1318 2973 siti
1344 2919 1395 2974 Sed

249 3016 305 3069 quaa
315 3009 461 3072 „quantur
471 3006 596 3076 perplexa
607 3012 669 3058 snut
679 3006 820 3058 admodum
831 3012 859 3058 et
869 3006 987 3058 obscura.

304 3087 334 3140 N.
345 3105 384 3142 aa.
400 3087 447 3140 ’Ea
454 3093 506 3142 τῶν
514 3095 558 3142 τοῦ
567 3089 658 3161 ίιγίοο]Ι
675 3091 818 3144 Plurimum
826 3091 869 3143 rel
879 3089 929 3144 hoc
939 3107 992 3144 uuo
1003 3091 1109 3144 nomine
1120 3091 1152 3145 de
1163 3092 1235 3145 omni
1245 3092 1396 3162 posteritate

247 3175 343 3226 nauus
351 3181 394 3227 ost
401 3174 573 3245 Epiphanius,
584 3177 655 3246 quod
667 3177 723 3229 eius
734 3176 819 3230 studio
831 3176 931 3230 iactum
943 3181 995 3241 est,
1007 3181 1038 3229 ut
1048 3177 1147 3230 hancei
1158 3178 1306 3247 fragments
1317 3193 1395 3248 quae·
1422 3193 1443 3233 r·
1456 3181 1487 3224 ⁶⁷·

249 3257 299 3311 darn
314 3275 347 3312 ex
364 3266 440 3314 tauto
456 3262 526 3314 iilius
543 3277 650 3332 operum
667 3261 806 3331 naufragio
823 3267 997 3332 superessent.
1023 3262 1076 3316 Nos
1094 3277 1126 3316 se
1143 3263 1306 3318 semilatina
1315 3265 1396 3318 reteri

250 3342 461 3414 mmrpretmime,
472 3346 542 3416 quod
553 3347 616 3399 olim
627 3345 720 3400 Biliius
732 3347 840 3412 iecerat,
858 3347 996 3416 diiigenter
1007 3349 1176 3413 contulimus,
1192 3353 1218 3400 st
1229 3353 1331 3402 nostras
1342 3347 1395 3404 Bil-

249 3427 316 3497 tique
326 3432 488 3484 coniecturas
498 3431 532 3484 ad
544 3433 689 3502 marginem
700 3433 898 3503 adscripsimus,
913 3449 998 3503 neque
1014 3433 1153 3504 quicquam
1169 3435 1220 3487 nisi
1234 3449 1268 3487 ox
1279 3439 1395 3492 veterum

248 3529 316 3568 nanu
325 3520 493 3570 exaratorum
502 3515 555 3570 dds
566 3517 594 3570 in
605 3524 730 3570 contextu
741 3519 799 3588 ipso
810 3519 978 3574 mutavimus.

303 3600 334 3655 N.
344 3620 371 3657 x.
389 3601 445 3654 Οὔκ
456 3600 603 3668 ἐπιζητήσας
616 3601 642 3655 sl
653 3603 711 3673 παρ’
722 3602 812 3672 ἡμῶν]
840 3603 915 3668 Quod
926 3621 1060 3675 perperam
1072 3611 1149 3659 antee
1161 3605 1264 3678 ddlpocr
1275 3623 1321 3678 pro
1334 3607 1395 3661 tist-

249 3689 290 3745 so
299 3688 442 3757 legabatur,
454 3703 487 3741 ox
499 3687 564 3758 lisg.
577 3687 639 3741 (iod
650 3689 789 3742 autoritate
799 3691 961 3744 sustulimus.

302 3772 334 3826 N.
344 3791 382 3826 ιν.
400 3771 447 3824 Καὶ
458 3773 572 3825 radietas
583 3771 617 3834 ὡς
629 3771 654 3825 ίν
666 3775 769 3844 μήτρᾳ]
785 3774 907 3845 Expung.
921 3775 968 3828 ael.

302 3851 371 3909 sou
382 3855 432 3929 γὰρ
443 3857 525 3910 αὐτῶν
537 3857 660 3926 hesron]
685 3858 778 3913 Utrum
792 3861 910 3916 Aeonum
928 3862 1069 3931 quemlibet
1083 3861 1320 3934 hermaphroditum
1337 3883 1395 3920 esse

250 3942 344 3996 soluerit
350 3944 520 4008 Valentinus,
532 3961 566 3997 au
577 3945 650 4015 peria
661 3946 718 4014 ipsa
726 3946 812 4014 potins
824 3947 953 4016 intelligat
965 3963 998 4000 ex
1010 3949 1075 4000 mari
1084 3948 1232 4019 feminaque
1241 3953 1395 4018 constantis,

250 4023 347 4081 dubitari
356 4027 427 4081 haud
438 4029 567 4082 immerito
577 4045 641 4084 sane
651 4037 745 4100 potest.
771 4029 821 4083 Par
837 4031 941 4101 quidem
955 4033 1042 4102 ipsum
1058 4031 1207 4104 ίρῤενίθηλο
1218 4033 1334 4090 hocloco
1349 4055 1395 4090 no·

250 4112 328 4166 niani
337 4114 433 4167 docem
443 4130 476 4166 sa
487 4129 554 4185 quaa
564 4115 745 4170 subiiciuntur.
772 4115 838 4170 (lum
852 4117 923 4170 enim
939 4118 1049 4171 dixisset
1065 4112 1123 4170 cloec
1139 4116 1186 4190 γὰρ
1199 4119 1280 4173 αὐτῶν
1292 4121 1394 4174 iaceres

250 4192 398 4265 ἆζρινίίηλον
410 4199 503 4269 οὕτως,
518 4201 648 4270 quomodo
663 4201 691 4254 id
706 4201 753 4254 fiat
767 4203 881 4255 ostendit
895 4204 923 4255 in
935 4204 1115 4272 sequentibus;
1131 4205 1200 4275 quod
1212 4213 1238 4258 et
1249 4207 1323 4260 Pater
1334 4223 1394 4261 cum

250 4279 354 4348 Rauen,
364 4291 393 4338 st
402 4300 476 4338 unsre
487 4286 593 4338 caeteris
604 4303 665 4340 eum
677 4288 732 4340 suis
744 4289 907 4357 comparibus
916 4287 1046 4342 coniuncti
1057 4289 1118 4344 sint.
1134 4289 1223 4360 lisque
1232 4289 1393 4360 ἂῤῥενίθηλοο

251 4365 326 4423 ictos
341 4371 464 4424 nominat
478 4371 541 4440 quia
556 4372 681 4441 coniuges
696 4379 766 4425 suut.
792 4373 872 4442 Atqui
882 4373 1058 4426 Valentiniani
1073 4375 1124 4444 ipsi
1141 4372 1301 4445 οὶρῥενόίηλον
1315 4375 1394 4429 Botis

250 4452 352 4509 honum
362 4456 507 4527 principem
518 4462 546 4510 at
556 4457 684 4526 originem
701 4459 728 4510 in
742 4458 808 4510 libro
819 4474 868 4511 suo
879 4464 974 4512 vocent
985 4457 1015 4512 N.
1022 4459 1052 4512 V.
1078 4460 1111 4512 Et
1126 4475 1184 4512 cum
1196 4459 1331 4514 Tetradem
1348 4479 1394 4532 po·

251 4543 380 4607 amemur,
395 4541 528 4595 Decedam
539 4557 571 4594 ac
580 4542 744 4596 Dodecadem
760 4549 909 4607 numerent,
926 4540 1088 4613 οὶῤῥενίθηλυν
1103 4551 1239 4614 utramque
1254 4548 1394 4616 appellant,

252 4638 291 4678 mu
298 4628 366 4697 quod
376 4627 479 4697 singuli
487 4629 588 4680 deonas
596 4627 799 4698 hermaphroditi
810 4635 905 4693 essent,
917 4627 963 4682 sed
973 4629 1041 4698 quod
1050 4631 1121 4700 paria
1129 4627 1153 4682 ίν
1162 4634 1192 4700 τῇ
1201 4627 1276 4700 iptio
1284 4635 1394 4688 manum

252 4707 441 4784 mumque
452 4714 654 4767 continerentur.
681 4713 806 4777 Quocirca
818 4714 881 4768 nihil
897 4715 930 4766 ad
941 4713 1010 4768 hunc
1020 4715 1118 4769 irenaei
1133 4717 1232 4781 lorum,
1248 4722 1279 4770 ut
1295 4721 1393 4790 opinor,

252 4799 346 4861 pertint
362 4799 432 4870 quod
448 4799 579 4853 al'ertuli.
590 4795 705 4864 affertur,
719 4799 787 4852 libro
803 4815 826 4852 c.
834 4800 936 4856 Valent.
948 4815 1005 4871 cap.
1017 4819 1109 4855 xaxrri
1133 4802 1192 4853 Alo·
1206 4811 1296 4856 coatm
1311 4809 1394 4874 caepis

254 4887 405 4939 ᾱιοοονίννο
415 4889 575 4957 “semim
586 4887 687 4950 diense
696 4902 728 4939 oc
739 4887 811 4958 epod
819 4887 886 4940 solos
893 4885 1022 4940 Marruca
1030 4886 1262 4958 dersocpdroda'ten
1273 4893 1394 4944 οοίονίννοί
