3650 5642
418 580 571 642 GOGXXIV

417 772 466 810 uec
474 757 502 810 iu
513 755 637 828 profanos
649 753 808 809 dividendae.
844 755 897 808 ilas
909 756 1033 826 reliquias
1045 755 1167 827 (lartbag.
1180 755 1301 826 Synodus
1319 767 1477 812 sacramenta
1488 765 1558 822 rorat,

419 841 489 912 quod
505 858 538 894 ex
556 841 608 892 illis
626 848 790 893 sacramenta
806 840 906 904 fierent,
925 843 962 894 uti
980 857 1028 894 nos
1046 841 1143 894 hostias
1160 844 1239 912 vulgo
1257 842 1299 904 τὰς
1318 843 1425 914 μερίδας,
1443 845 1491 898 eivs
1503 863 1559 914 par·

420 927 520 991 neuim,
538 926 616 979 etiam
630 933 691 979 aute
703 927 925 980 consecrationem
938 929 1108 997 appellamus.
1144 926 1298 998 Quanquam
1313 937 1337 982 et
1350 938 1504 983 eacmmenta
1514 933 1560 981 scio

418 1014 498 1065 etiam
514 1011 634 1065 absolute
651 1029 698 1081 pro
715 1013 874 1081 quibuslibet
890 1013 1008 1080 mysticis
1027 1014 1110 1082 signis
1129 1015 1248 1083 usurpari
1267 1013 1385 1084 adeoque
1403 1033 1448 1085 pro
1464 1015 1519 1078 sale,
1535 1031 1562 1066 ac

418 1098 536 1162 caeteris,
548 1113 615 1167 quae
627 1097 821 1150 catechumenis
833 1097 967 1151 dabantur.
977 1099 1044 1167 Aug.
1059 1099 1113 1152 Lib.
1126 1117 1154 1152 11.
1167 1099 1198 1151 de
1212 1099 1310 1153 Peccst
1324 1101 1422 1153 meritis
1434 1117 1485 1170 cap.
1496 1117 1562 1152 run:

419 1184 455 1236 Et
471 1186 538 1254 quod
554 1189 694 1252 accipiunt,
712 1188 825 1253 quamuis
843 1203 890 1235 non
908 1188 943 1234 sit
960 1201 1051 1252 corpus
1070 1185 1167 1235 Christi
1183 1185 1226 1252 lde
1244 1185 1436 1238 catechumenis
1452 1187 1564 1255 loquitur)

418 1279 532 1322 sanctum
551 1278 689 1333 esttamen,
707 1279 731 1320 et
741 1273 862 1332 sanctius,
881 1287 955 1338 quam
968 1271 1020 1322 cibi
1036 1271 1123 1338 quilius
1141 1271 1242 1333 alienor,
1265 1275 1382 1338 quoniam
1394 1281 1565 1324 sacramentnm

419 1365 461 1408 est.
497 1355 569 1419 Quae
587 1355 727 1424 Augustini
745 1355 825 1407 rerba
842 1361 927 1406 utrum
945 1355 978 1406 sd
1004 1369 1096 1424 panem
1124 1356 1277 1424 vinumque,
1303 1371 1335 1408 ex
1355 1372 1406 1425 quo
1425 1355 1566 1408 eucharistia

418 1439 537 1493 coniecta
545 1441 601 1510 jam
613 1448 678 1501 erat,
695 1439 785 1492 reterri
797 1440 916 1502 debeant,
934 1439 1101 1508 cogitandum
1114 1439 1227 1510 amplius
1239 1449 1286 1493 est.
1322 1439 1386 1494 cnm
1399 1443 1477 1509 igitur
1487 1439 1567 1494 lideles

418 1525 509 1578 eadem
527 1527 618 1579 diebus
636 1527 758 1578 omnibus
776 1533 944 1586 sacramenta,
964 1525 1012 1577 hoc
1030 1533 1070 1577 eet
1087 1524 1282 1588 eucharistiam,
1304 1542 1370 1595 quae
1387 1525 1501 1578 fidelium
1517 1543 1567 1594 pro·

419 1611 475 1681 pria
500 1618 548 1676 est,
574 1620 710 1681 usurpent,
737 1627 790 1664 non
816 1611 912 1663 debent
937 1611 1023 1674 (aiunt
1041 1609 1258 1680 Carthaginenses
1270 1611 1376 1679 *Patresl
1402 1609 1567 1664 catechumeni

418 1697 523 1766 propria
540 1695 637 1749 ordinis
654 1697 696 1749 sui
713 1712 744 1749 ac
761 1704 845 1749 status
863 1703 1028 1749 sacramenta
1040 1705 1149 1760 mutare,
1166 1711 1250 1766 neque
1263 1697 1362 1766 aliquid
1379 1705 1480 1767 praeter
1495 1697 1566 1748 susm

418 1797 543 1852 accipere.

390 1898 396 1910 ·
490 1863 528 1918 Τὰ
539 1865 566 1918 bt
584 1862 649 1917 ἄλλα
667 1867 807 1936 μυστήρια]
829 1867 908 1920 Caute
927 1883 957 1919 sc
975 1867 1161 1936 circumspecte
1178 1865 1209 1918 de
1227 1867 1396 1919 sacramentis
1412 1873 1439 1920 et
1454 1866 1568 1920 inferiori·

419 1952 468 2005 bus
485 1953 617 2021 mysteriis
629 1953 788 2005 montionem
800 1953 924 2022 aspergit.
960 1953 997 2004 lta
1009 1953 1155 2020 complures
1168 1961 1282 2004 veterum
1295 1969 1353 2005 cum
1366 1951 1398 2004 de
1410 1951 1567 2004 sacramentis

419 2053 562 2106 eorumque
579 2035 670 2091 formis
697 2037 835 2100 disserunt,
859 2039 978 2090 consulto
997 2055 1050 2090 rem
1068 2038 1217 2102 obscurant,
1243 2053 1328 2106 neque
1345 2038 1423 2107 plena
1440 2045 1567 2108 apertaque

418 2140 480 2177 roca
509 2123 648 2177 declarant.
684 2123 778 2188 Pauca,
804 2139 871 2193 quae
897 2122 930 2175 ad
957 2139 1061 2176 menum
1088 2123 1164 2176 modo
1191 2131 1259 2188 sunt,
1286 2124 1407 2192 exempla
1430 2121 1566 2193 producant.

418 2212 529 2280 angust
541 2207 588 2279 np.
601 2225 663 2263 uvir.
681 2209 714 2261 ad
732 2209 895 2261 Dardanum:
913 2207 991 2260 Nosti
1017 2213 1143 2260 antonin
1162 2227 1208 2278 quo
1226 2209 1355 2270 sacrificio
1375 2210 1490 2272 dicatur,
1508 2209 1567 2260 Gro-

420 2299 472 2348 tias
489 2313 597 2364 marnas
614 2298 713 2348 domino
731 2297 776 2347 deo
800 2305 891 2347 nostro.
927 2293 1094 2346 innocentius
1111 2295 1211 2364 primns
1229 2291 1275 2362 lip.
1288 2311 1307 2348 1.
1328 2293 1360 2345 sd
1378 2293 1524 2348 Decentium
1541 2291 1568 2342 de

419 2380 586 2434 &amento
604 2379 828 2434 Goufimatiouls:
853 2378 937 2431 Verba
955 2397 1013 2431 uero
1031 2381 1117 2432 dicere
1135 2397 1182 2431 tion
1196 2397 1307 2448 possum,
1325 2397 1356 2431 ae
1373 2385 1457 2447 napis
1468 2379 1567 2448 prodere

418 2469 518 2531 videar,
543 2484 614 2536 quem
639 2467 676 2519 ad
701 2467 906 2517 consultationem
932 2467 1091 2534 respondere.
1130 2463 1174 2517 Sic
1202 2462 1359 2534 Epiphanius
1384 2464 1519 2534 aliquoties
1542 2461 1567 2512 de

418 2551 574 2604 eucharistia
589 2550 679 2604 timide
697 2551 859 2620 obscureque
875 2549 977 2602 locutus
995 2555 1042 2602 est

486 2632 543 2687 Ἐπὶ
561 2635 588 2687 δὲ
605 2637 654 2686 τῶν
672 2633 887 2702 τελευτησάντων]
923 2635 961 2688 De
979 2635 1141 2688 orationibus
1159 2643 1186 2687 et
1202 2633 1345 2699 sacrificiis,
1364 2651 1431 2705 quae
1448 2651 1493 2705 pro
1510 2649 1568 2686 mor-

418 2721 472 2774 tuis
487 2721 522 2774 ab
542 2721 651 2774 ecclesia
667 2721 831 2773 celebrentur
848 2721 960 2789 insignis
978 2736 1008 2772 ac
1027 2719 1202 2774 memorabilis'
1215 2719 1256 2773 hic
1273 2721 1345 2773 loeus
1358 2726 1406 2774 est
1428 2719 1479 2773 Sed
1497 2716 1568 2772 multo

418 2806 551 2875 copiosius
560 2812 639 2875 atque
647 2805 796 2874 expressius
805 2805 832 2857 iu
843 2805 1014 2858 Airisnorum
1024 2805 1124 2858 haeresi
1132 2806 1210 2859 ritum
1219 2806 1293 2858 illum
1301 2805 1426 2858 ecclesiae
1434 2809 1568 2876 pertractat,

419 2907 485 2961 quse
502 2899 543 2944 est
559 2890 628 2945 haer.
641 2907 719 2944 urar.
736 2907 762 2943 n.
774 2907 820 2944 vn.
854 2888 922 2942 Nam
941 2890 1031 2944 senus
1050 2891 1155 2956 eodem,
1174 2907 1224 2962 quo
1242 2890 1366 2944 haeretici
1382 2891 1476 2955 nosffi,
1492 2889 1569 2942 iurare

419 2976 584 3045 amentiaque
602 2977 714 3045 percitus
731 2983 895 3028 mortuorum
907 2973 940 3028 sd
951 2977 1033 3029 altare
1045 2977 1331 3041 commemorationem,
1347 2976 1459 3046 tusaque
1471 2991 1515 3046 pro
1525 2973 1568 3025 illis
1610 3007 1611 3017 ι

418 3077 508 3132 preces
526 3069 552 3115 et
568 3061 696 3115 sacrificia
713 3061 857 3126 deridebat,
875 3069 967 3114 contre
980 3077 1057 3132 quem
1069 3061 1230 3132 Epiphanius
1242 3061 1447 3114 luculentissime
1458 3061 1568 3131 disputat
1609 3073 1610 3093 ν

418 3143 518 3217 vatia
535 3147 570 3218 bl,
587 3148 680 3218 inquit,
699 3146 739 3199 καὶ
756 3145 771 3213 ἡ
790 3145 849 3217 ὑπὲρ
862 3145 945 3200 ἀυτῶν
964 3147 1086 3218 γινομένη,
1105 3144 1124 3198 εἶ
1142 3146 1182 3198 καὶ
1200 3145 1230 3198 τὰ
1248 3143 1295 3198 ὅλα
1312 3148 1361 3198 τῶν
1380 3144 1526 3216 altemirus
1541 3141 1567 3212 μὴ
1608 3145 1609 3169 ¹

419 3229 568 3286 inundatos:
589 3235 661 3296 Quae
674 3253 725 3304 pro
743 3238 835 3286 rnortui
851 3238 1028 3303 concipiuntur
1055 3251 1156 3303 preces,
1182 3237 1216 3284 iis
1233 3234 1307 3286 utiles
1323 3241 1393 3297 sunt,
1417 3235 1514 3284 tametsi
1528 3247 1566 3280 nou

418 3336 503 3375 onries
518 3321 609 3389 cuipas
626 3323 781 3388 eatiripnont.
816 3318 890 3382 Quod
907 3319 1025 3389 pluribus
1052 3318 1189 3388 exequitur
1207 3320 1318 3388 August.
1342 3318 1387 3372 lib.
1405 3317 1437 3386 de
1454 3333 1513 3371 cura
1528 3331 1566 3385 pro
1605 3355 1606 3395 ,

418 3405 496 3461 Mart.
507 3404 607 3475 dgeud.
625 3419 721 3474 capr,
746 3404 792 3456 nbi
817 3419 946 3472 quaenam
973 3411 1138 3472 peccatorum
1165 3417 1262 3472 genera
1287 3403 1314 3456 iu
1332 3405 1443 3456 mortuis
1461 3401 1566 3472 precibus
1604 3427 1605 3471 q

418 3493 470 3544 illis
487 3496 515 3543 st
524 3489 657 3543 sacrificiis
668 3489 770 3560 expiari
780 3490 892 3558 possint,
913 3487 1039 3542 edisserit.
1074 3487 1106 3542 nt
1117 3489 1195 3558 paulo
1207 3495 1276 3552 unte,
1294 3487 1327 3540 In
1339 3487 1566 3546 Macchabaeorum
1603 3489 1604 3547 l

418 3575 512 3645 iuquit,
538 3577 611 3627 libris
637 3577 741 3643 lepirnus
766 3575 876 3626 obtutum
900 3593 949 3643 pro
966 3578 1069 3626 mortuis
1086 3577 1250 3643 sacrificium.
1283 3571 1336 3626 Sed
1352 3577 1399 3625 etsi
1417 3591 1529 3642 nusqum
1544 3575 1565 3620 iu
1602 3565 1603 3621 l

418 3664 555 3729 sumpturis
572 3661 695 3713 ueteribus
711 3663 809 3711 omnino
826 3661 961 3728 teperetur,
987 3679 1034 3712 non
1050 3678 1137 3728 parua
1155 3669 1191 3712 est
1206 3663 1340 3711 uniuersae
1357 3659 1488 3722 ecclesiae,
1512 3673 1565 3726 quur

418 3750 446 3797 in
463 3744 514 3797 bac
532 3747 708 3798 coinuetudine
725 3746 809 3797 claret
824 3748 974 3808 auctoritas,
992 3743 1036 3797 ubi
1052 3747 1079 3795 in
1092 3745 1213 3814 precibus
1230 3747 1381 3809 sacerdotis,
1398 3763 1463 3814 quae
1480 3745 1563 3796 donin
1598 3777 1600 3849 4

419 3832 464 3884 deo
482 3831 519 3882 ad
535 3832 588 3898 ejus
606 3831 691 3882 altare
700 3831 854 3900 funduntur,
871 3831 952 3882 locum
969 3847 1039 3880 suum
1051 3829 1126 3882 tabet
1138 3833 1214 3883 etiarn
1226 3831 1407 3882 cornmendatio
1419 3839 1562 3882 nummum

418 3913 452 3968 itt
468 3929 524 3985 cap.
541 3915 592 3968 uit:
612 3915 685 3977 Quae
702 3933 757 3967 enni
774 3918 813 3966 ita
830 3919 887 3978 sint,
905 3933 954 3967 non
971 3918 1137 3967 existimemus
1158 3917 1195 3966 ad
1205 3924 1320 3979 mortuos,
1328 3934 1379 3985 pro
1391 3916 1478 3983 quidus
1489 3929 1561 3966 curas
1595 3925 1598 3999 p

417 4004 536 4069 perimus,
551 4006 693 4070 pervenire,
710 4004 762 4052 nisi
777 4003 844 4069 quod
855 4019 906 4070 pro
924 4005 961 4053 eis
982 4005 1035 4052 sive
1052 4002 1155 4066 altaris,
1171 4003 1226 4052 sice
1242 4005 1392 4064 erubuerunt,
1409 4004 1463 4053 sios
1479 4001 1562 4052 αἰεανιν·
1594 4013 1597 4076 p

412 4103 539 4164 ⁸spretorum
555 4089 696 4156 sacrificiis
712 4087 847 4139 solenniter
864 4085 1046 4156 supplicamus,
1064 4089 1178 4155 quamvis
1195 4103 1243 4138 non
1256 4105 1307 4156 pro
1319 4086 1408 4156 quibus
1418 4087 1485 4156 fiunt
1499 4085 1561 4137 ctum·
1593 4089 1596 4151 l

419 4173 464 4224 bus
478 4176 590 4242 prosint,
607 4175 653 4224 sed
669 4177 703 4224 iis
720 4181 828 4235 tantum,
855 4171 943 4240 quibus
960 4173 1018 4224 dum
1035 4175 1122 4224 orbant
1146 4181 1311 4242 comparante
1332 4182 1361 4224 ut
1378 4175 1485 4242 prosint.
1514 4168 1561 4222 Fre

419 4258 591 4328 quentissima
608 4262 648 4312 est
663 4263 689 4310 et
714 4257 785 4311 illius
811 4255 1005 4310 consuetudinis
1031 4255 1100 4328 apud
1118 4255 1277 4326 Oppriauum
1295 4257 1401 4312 mentio.
1436 4255 1470 4311 Ut
1484 4257 1509 4312 iu
1523 4255 1559 4326 Ep

419 4346 546 4410 nxr1.,iu
563 4341 763 4414 quedecretum
781 4343 818 4396 sit
834 4343 862 4396 iu
872 4341 1000 4396 Concilio:
1024 4341 1057 4395 Ut
1071 4347 1161 4412 siquis
1173 4349 1280 4396 moriem
1291 4344 1412 4396 clericum
1424 4353 1559 4397 tutorenre
1592 4335 1593 4377 l

419 4427 539 4497 liquisset,
557 4448 606 4483 non
623 4432 757 4500 offerretur
768 4447 820 4498 pro
833 4446 868 4492 eo,
886 4446 932 4480 nec
943 4429 1099 4498 sacrificium
1108 4447 1158 4498 pro
1171 4429 1319 4482 dormitione
1331 4429 1385 4498 ejus
1396 4431 1558 4483 celebraretur.
1591 4401 1592 4453 l

418 4509 546 4586 Vetatque
562 4531 627 4569 mox
643 4514 849 4584 deprecationem
875 4530 923 4584 pro
949 4529 980 4568 eo
998 4515 1079 4568 ullam
1096 4515 1130 4570 ad
1147 4515 1229 4568 altare
1246 4513 1309 4568 lieri.
1344 4513 1453 4568 Tertull.
1470 4513 1498 4568 de
1512 4511 1555 4565 un.
1589 4543 1590 4605 p

419 4597 475 4653 itii.
492 4617 604 4672 capus:
625 4599 771 4653 Oblationes
783 4619 834 4670 pro
852 4602 989 4668 defunctis,
1012 4619 1062 4671 pro
1079 4603 1219 4668 natalitiis,
1246 4620 1333 4654 arinua
1351 4603 1393 4654 die
1403 4604 1520 4670 summus,
1536 4598 1555 4646 tl
1588 4623 1589 4679 p

419 4685 483 4737 alibi
499 4703 586 4757 saepe.
620 4685 857 4740 Eusebiuslib.1v.
875 4685 1160 4750 deVitaOonstantiui,
1187 4703 1247 4741 cnm
1264 4681 1552 4757 deejmtnnerenntic
1587 4685 1588 4692 ³

420 4767 451 4821 τά
467 4787 492 4821 τε
509 4776 551 4838 τῆς
568 4771 649 4823 ἐνθέου
666 4771 778 4842 λατρείας
796 4769 820 4823 bl
836 4770 917 4842 εὐχῶν
934 4767 1092 4842 ἀνεπλήρουν.
1127 4771 1243 4842 Λατρείαν
1261 4773 1375 4844 appellat
1391 4769 1477 4825 altaris
1492 4765 1551 4822 surl-

418 4853 517 4910 tioium.
549 4857 614 4910 Mox
631 4857 675 4907 ube
692 4856 813 4928 κλαυθμῷ
830 4855 857 4910 bl
874 4855 958 4908 allon
975 4857 1017 4917 τὰς
1035 4855 1107 4928 εὐχὰς
1125 4856 1184 4928 lnlp
1202 4863 1243 4926 τῆς
1260 4857 1381 4927 βασιλέως
1399 4855 1476 4928 ψυχῆς
1490 4849 1548 4904 istil·

1573 5063 1583 5221 l
