3650 5642
454 588 562 647 xcvm

455 745 648 801 obseruationes
663 742 789 797 maiorem
804 740 920 795 humens
937 740 1033 795 iidem?
1055 740 1184 797 deciderit
1199 738 1263 796 lusee
1279 740 1382 813 eclipsis
1397 739 1447 795 hoe
1456 738 1583 794 relilleiu·

454 832 579 903 peretoris
591 846 674 893 enno,
689 828 812 882 historim
824 826 876 881 fide
887 826 987 892 nititur,
1003 842 1071 898 quse
1085 828 1192 881 mmmsi
1201 826 1317 881 hunum
1326 828 1373 892 sit,
1388 827 1424 881 ub
1434 832 1584 879 semmure-

454 916 543 971 cedere
555 916 600 969 vix
612 914 741 969 interdum
753 928 810 967 esse
822 912 939 967 videntur
949 911 1071 967 hominis.
1095 912 1148 966 Sed
1164 929 1224 967 eum
1235 914 1269 966 sd
1279 911 1395 967 Iulisnos
1406 911 1545 983 pressertim
1553 924 1585 961 m·

366 1034 369 1037 -
453 1019 516 1067 nce,
534 1018 599 1071 quos
612 1014 702 1055 omnes
714 999 765 1053 sibi
777 998 931 1068 chronologi
940 996 1101 1068 praefigunt,
1117 998 1227 1052 deductu
1240 1014 1283 1052 res
1293 998 1383 1063 tuerit,
1402 1003 1479 1067 quote
1490 1012 1549 1049 suno
1556 1009 1587 1045 ee·

453 1088 526 1157 lipsio
542 1086 588 1139 ills
603 1085 752 1155 contigerit,
769 1102 822 1139 uon
838 1082 954 1137 humens
967 1083 1021 1135 ism
1037 1082 1102 1148 fide,
1124 1082 1173 1137 hcc
1191 1090 1231 1137 est
1246 1084 1303 1137 suls
1319 1083 1454 1153 scriptoris
1467 1080 1589 1138 autoritate,

453 1172 498 1225 sed
514 1171 660 1224 certissime
675 1170 894 1224 demonstratione
908 1174 1023 1232 constet,
1043 1168 1076 1222 de
1096 1185 1149 1239 qus
1164 1170 1216 1223 uisi
1231 1169 1304 1239 prius
1318 1168 1450 1238 imperitis
1462 1163 1590 1220 numemdi

453 1256 494 1309 vel
506 1256 654 1309 tabularum
663 1256 725 1309 vitio
737 1257 825 1326 lepsus
837 1254 883 1318 sit,
896 1253 1013 1306 dubitare
1024 1270 1102 1307 nemo
1113 1255 1216 1325 poterit.
1232 1253 1299 1307 Eece
1310 1252 1359 1307 tibi
1370 1253 1399 1307 in
1409 1252 1473 1316 hoe,
1482 1249 1544 1321 quod
1552 1256 1591 1299 uu

453 1347 569 1408 eumue,
582 1346 735 1411 argumento
747 1346 846 1411 quanto
856 1339 891 1392 sit
901 1338 1011 1393 istorum
1022 1337 1199 1395 chsructerum
1209 1340 1308 1393 utilitus
1318 1344 1396 1409 potes
1407 1336 1592 1391 snimsdrertere.

453 1424 528 1490 Quod
536 1428 614 1497 poulo
623 1432 684 1497 pest
691 1426 806 1496 Augusti
817 1428 929 1479 mortem
937 1424 1000 1477 lune
1008 1424 1130 1479 deiecerit
1140 1425 1191 1479 etsi
1202 1442 1236 1479 ex
1243 1423 1431 1478 historicorum
1437 1419 1593 1477 teetidteficct

453 1510 596 1578 credimus,
612 1517 654 1565 est
670 1528 702 1565 ee
717 1516 806 1565 nmen
818 1515 943 1565 uouemus
956 1510 1058 1581 opinio,
1075 1510 1108 1563 de
1122 1511 1197 1565 cuius
1208 1510 1317 1563 uerihte
1328 1526 1362 1563 ne
1372 1508 1501 1563 levissime
1510 1503 1594 1575 quiden

453 1596 593 1653 dubitetur.
616 1596 673 1651 lem
689 1602 784 1667 quotus
799 1595 841 1655 hie
855 1611 940 1651 sunus
951 1596 987 1650 sit
997 1612 1073 1649 serm
1085 1594 1247 1650 Christisnse
1257 1596 1401 1666 quaeritur.
1425 1593 1476 1657 Qui
1485 1590 1594 1661 spoletum

353 1704 374 1745 p.
384 1694 427 1737 me
453 1687 480 1737 et
491 1683 637 1754 ecclipseon
647 1681 800 1736 methodum
813 1681 951 1747 dumnsnt,
964 1696 1033 1735 enno
1046 1680 1209 1751 Dionysisuo
1220 1698 1274 1736 rvr.
1286 1681 1402 1735 tribuere
1415 1680 1505 1733 sulem.
1533 1670 1595 1741 dtuli

453 1768 528 1821 isest
539 1786 605 1834 sun,
620 1784 669 1823 nso
686 1768 740 1821 ullu
755 1784 871 1839 nnqusm
887 1767 1048 1821 uhuucmis
1063 1767 1145 1820 elium
1159 1765 1221 1821 huic
1237 1766 1355 1837 ecclipsi‚
1372 1782 1445 1836 quse
1459 1763 1596 1834 pneupetl

452 1855 567 1925 Augusti
577 1858 688 1907 mortem
705 1852 808 1916 diebus,
826 1852 974 1923 Septembri
988 1868 1080 1906 meuse
1097 1853 1220 1922 contigit,
1235 1868 1335 1905 sunum
1351 1851 1468 1905 deliniet
1490 1847 1595 1911 Quium

452 1940 532 2008 igitur
549 1956 584 1991 er
601 1955 631 1991 so
648 1937 741 1991 confici
756 1938 902 1991 necessario
919 1937 1035 2008 putabit,
1051 1938 1201 2008 Angustum
1216 1954 1291 1991 seres
1302 1937 1469 1991 Christianus
1484 1948 1546 1986 suno
1556 1946 1595 1981 ru·

452 2030 584 2078 mortuum
602 2038 672 2087 esse,
690 2040 743 2076 non
755 2027 829 2078 run?
852 2022 931 2077 Vides
947 2023 1074 2076 maiorem
1089 2020 1205 2076 humens
1215 2022 1308 2086 fidem,
1324 2038 1383 2077 cum
1400 2021 1515 2075 humens
1527 2024 1596 2068 nmen

452 2109 613 2179 implicatam
625 2115 651 2161 et
662 2124 821 2161 connexsme
840 2124 907 2178 quse
918 2108 1024 2163 temetsi
1034 2106 1178 2174 humunee,
1195 2107 1244 2161 hcc
1256 2114 1296 2161 est
1306 2108 1430 2172 ulterius,
1446 2120 1498 2177 qus
1506 2097 1596 2156 echiffl‘

452 2194 578 2259 nituntur,
590 2198 659 2265 esset
669 2194 769 2258 similis,
781 2210 834 2247 nou
845 2193 902 2247 ideo
914 2192 1257 2263 tumenssperusndsloret,
1269 2191 1473 2263 quudhnmsus,
1483 2185 1596 2242 ssdrelee

371 2276 376 2281 ’
452 2278 557 2333 nomine
569 2278 783 2344 commeudsuds,
796 2278 865 2349 quod
874 2278 907 2331 ed
915 2276 1254 2333 hnmsnstnhumuustides
1263 2278 1393 2343 adiuncta,
1405 2284 1498 2331 utnon
1504 2273 1597 2327 nuum

452 2365 585 2431 molerem,
596 2365 633 2419 its
642 2364 760 2435 simplici,
770 2380 861 2435 seque,
870 2379 923 2435 qus
931 2364 1047 2419 conteuti
1054 2364 1093 2417 illi
1100 2370 1170 2428 suut,
1179 2364 1314 2419 certiorem
1322 2363 1597 2431 endunuuempuuet

452 2518 496 2573 DE
506 2518 656 2573 VULGARI
669 2516 833 2571 nfflnflono
847 2516 916 2581 Qus
927 2517 1061 2571 CHRISTI
1071 2516 1217 2571 nunnus
1228 2516 1340 2571 Annus
1353 2507 1593 2575 mvnsntesnun

772 2601 831 2657 UBI
847 2602 891 2656 ΕΤ
908 2602 954 2655 nn
971 2602 1064 2657 AERA
1079 2602 1295 2657 monuerunt

519 2704 602 2759 Nimis
614 2706 697 2759 multe
707 2704 800 2759 iecisse
812 2704 891 2759 verbs
901 2705 1000 2771 videor,
1015 2721 1064 2759 neo
1081 2704 1144 2758 dum
1155 2712 1245 2759 umen
1255 2706 1294 2758 rei
1303 2683 1386 2775 ipsius
1398 2710 1481 2777 eaput
1489 2698 1595 2770 seuguer·

452 2789 573 2845 Nondum
591 2792 660 2845 euim
678 2807 729 2860 quo
748 2808 816 2845 cunc
833 2790 961 2861 quibusve
978 2798 1135 2845 comnotus
1150 2791 1186 2844 sit
1201 2791 1380 2862 exposuimus.
1401 2780 1596 2859 Hoeigitutqli'

452 2892 554 2945 cunque
566 2882 637 2929 certe
647 2876 747 2929 ratione
758 2876 917 2945 investigere
928 2876 1016 2929 consti
1026 2882 1100 2941 sunt,
1115 2877 1177 2930 licet
1191 2894 1246 2931 uon
1261 2876 1350 2929 eedem
1361 2877 1430 2930 inter
1440 2893 1471 2929 se
1480 2870 1599 2929 semein

453 2978 504 3013 nno
519 2966 607 3013 temen
624 2960 766 3030 eodemque
777 2960 864 3013 huone
881 2960 1031 3014 testimonio
1046 2962 1107 3014 freti
1124 2961 1237 3015 dinem
1252 2962 1280 3015 iu
1296 2962 1524 3031 percensuimus
1543 2952 1588 3007 Seri

451 3052 540 3117 pserst
551 3046 713 3116 evangeliste
725 3046 884 3117 baptizatum
900 3062 958 3099 osse
974 3046 1109 3100 dominum
1126 3064 1194 3099 suno
1210 3062 1255 3100 xe.
1266 3046 1377 3112 liberii,
1392 3066 1450 3099 cusu
1466 3056 1527 3099 esset
1538 3037 1597 3109 quud

452 3150 574 3185 annorum
587 3136 709 3201 triptota.-
732 3130 779 3183 liud
796 3128 869 3193 αὖτὀς
886 3126 916 3198 ῆν
934 3128 1054 3197 ὁἸησοῦς
1070 3129 1125 3193 ded
1139 3129 1201 3183 ἐτῶν
1216 3128 1346 3203 τριάκοντα
1362 3130 1500 3203 ἂρχόμινος
1513 3118 1595 3191 dunis

452 3214 575 3287 ἐνομιῖετο
587 3222 635 3272 etc.
660 3216 731 3281 Quos
743 3217 822 3271 verbe
833 3234 917 3271 unum
927 3216 998 3270 istud
1009 3216 1171 3288 significent,
1186 3234 1241 3270 nou
1252 3217 1364 3271 multum
1375 3232 1392 3269 s
1402 3218 1531 3271 tricesimo
1541 3220 1597 3261 tow

452 3304 543 3357 astutis
555 3303 678 3357 abluisse.
697 3302 750 3355 Sed
762 3308 850 3359 utrum
858 3304 990 3357 tricesimu
1002 3302 1122 3357 obsolute
1134 3308 1160 3355 et
1170 3302 1252 3356 altero
1263 3318 1294 3355 sc
1306 3303 1437 3357 messium
1448 3302 1559 3359 mensu,
1569 3308 1595 3343 ¹⁸

451 3394 512 3457 pust
523 3404 596 3443 ιιιι.
617 3388 722 3441 ineunte
735 3404 796 3441 xxx.
809 3387 836 3440 id
851 3388 986 3452 occiderit,
1003 3387 1098 3440 diserte
1112 3402 1166 3440 nou
1182 3388 1323 3457 explicent.
1356 3388 1413 3442 Iruo
1424 3376 1597 3442 rochettis

452 3472 510 3541 quis
523 3471 654 3525 Christum
666 3488 735 3527 suno
748 3490 855 3537 urens,
867 3474 908 3525 vel
918 3489 1025 3536 nunu,
1038 3472 1198 3541 bsptisstum
1209 3488 1268 3525 esse
1278 3472 1361 3538 dicut,
1371 3490 1426 3527 non
1435 3480 1523 3527 tumen
1533 3478 1596 3520 ertu·

451 3556 549 3624 gelicee
562 3558 693 3609 sutoritsti
704 3572 763 3609 mec
775 3556 869 3609 iudicio
887 3560 1028 3626 repugnet,
1044 3555 1076 3609 de
1093 3572 1145 3626 quc
1161 3559 1329 3627 postmodum
1338 3558 1477 3614 ridebitur.
1500 3552 1548 3609 Sed
1561 3544 1597 3617 qui

451 3639 535 3693 Lucus
545 3640 624 3693 verbs
635 3640 831 3709 angustioribus
843 3641 935 3711 spatiis
946 3641 1217 3710 circumstipatum,
1233 3644 1278 3697 ulii
1286 3660 1340 3697 ιιι
1356 3650 1420 3697 tunc
1430 3660 1514 3699 ennos
1524 3634 1597 3704 explt‘

452 3730 492 3779 tos
504 3724 597 3789 inisse,
614 3725 660 3778 elii
671 3742 736 3777 ιιιι
751 3723 880 3777 duntaxat
892 3725 992 3795 opiusti
1002 3732 1071 3779 sunt
1089 3724 1197 3797 Utrique
1205 3744 1266 3782 reru
1275 3716 1596 3799 hspdsetumvcluntsshn'·

452 3814 522 3863 stum
533 3809 650 3863 Geminis
662 3809 763 3863 dnobus
776 3826 843 3865 cess.
857 3826 925 3863 enno
937 3810 1037 3864 luliuuo
1047 3828 1148 3877 nuru,
1161 3812 1230 3882 quud
1241 3814 1268 3866 iu
1279 3830 1342 3867 eum
1352 3814 1451 3868 incidet
1458 3810 1551 3869 'liberii
1559 3820 1596 3858 w

452 3912 501 3949 nus
513 3912 555 3947 xv.
567 3896 699 3967 superiore
711 3912 780 3949 sune
792 3912 826 3949 ex
838 3896 869 3951 A
875 3894 907 3948 D.
916 3914 971 3952 nv.
978 3894 1036 3951 Kul.
1046 3896 1119 3967 Sept.
1131 3896 1278 3954 inchoatus.
1294 3897 1368 3952 Unde
1379 3916 1440 3953 cum
1449 3902 1479 3954 iu
1490 3886 1595 3967 baptimi

451 3996 519 4033 suno
531 3982 701 4047 convenient,
712 3982 740 4035 in
751 3981 833 4035 netuli
843 3982 900 4052 ipso
913 3997 966 4035 uno
978 3996 1048 4035 suno
1056 3981 1189 4038 dissident
1205 3982 1321 4039 Priorem
1328 3984 1474 4056 deexpleto
1481 3978 1595 4039 etesius

452 4082 521 4119 suno
538 4070 636 4119 sectum
652 4072 679 4119 et
694 4067 843 4138 opinionem
854 4067 970 4121 hnusles
981 4066 1156 4122 licelesiustici
1171 4074 1329 4139 sequuntur,
1348 4070 1509 4143 eundemque
1523 4068 1599 4119 metuo

451 4151 574 4205 acerrime
586 4150 704 4220 Scaliger
715 4170 750 4207 vr.
764 4152 795 4206 de
807 4150 915 4207 limeud,
926 4152 1016 4223 Temp.
1038 4151 1092 4206 Sed
1105 4168 1216 4223 megue,
1233 4160 1263 4207 ut
1277 4156 1354 4221 solet,
1370 4161 1467 4211 coneto
1481 4141 1599 4209 teduine*

450 4237 552 4307 probet.
584 4236 628 4290 Sic
645 4236 715 4289 euim
727 4236 841 4291 disserit:
859 4236 977 4291 Ohrietus
988 4236 1116 4291 Dominus
1128 4256 1182 4292 ιιι
1194 4254 1277 4293 snuus
1292 4240 1449 4295 absolveret.
1479 4240 1542 4296 llum
1550 4244 1595 4287 1¹¹

451 4338 578 4377 suuorum
589 4324 611 4374 is
624 4337 682 4375 esse
694 4320 787 4375 dieitur
799 4324 844 4393 qui
855 4323 1017 4377 tricesimum
1027 4340 1127 4378 mum
1138 4324 1262 4378 shsolritz
1280 4332 1311 4378 ut
1325 4327 1464 4381 anniculus
1479 4332 1521 4381 est
1526 4325 1548 4395 je
1557 4312 1593 4388 qd

451 4422 565 4462 ccccxv.
574 4406 643 4461 diem
655 4404 754 4475 attigit,
766 4406 927 4478 Leghnnic.
936 4408 969 4461 de
977 4408 1054 4463 Verb.
1063 4411 1132 4480 sign.
1150 4408 1225 4474 Quod
1235 4398 1595 4482 autemmonstruosi&

451 4489 592 4562 τριάκοντα,
608 4492 735 4564 porticulo
751 4492 803 4545 ists
815 4492 888 4565 (leph
899 4498 941 4547 est
950 4510 1005 4547 ucu
1016 4492 1176 4566 ἇκορητικὸν,
1192 4494 1239 4548 sed
1250 4493 1375 4567 ἀληθινὴν,
1387 4498 1492 4552 utillud
1502 4498 1563 4550 loen·
1575 4488 1598 4537 bl

451 4582 525 4644 puori
535 4582 660 4647 unigeniti
670 4598 687 4631 u
695 4586 782 4649 putre.
798 4577 851 4633 Sed
861 4588 927 4643 esto,
937 4578 1035 4649 inquit,
1047 4578 1208 4650 ἇπορηταδντ
1220 4580 1306 4634 Pauci
1314 4586 1396 4651 ἐρίων
1403 4584 1458 4637 de'ee
1466 4572 1593 4652 conplet&

451 4677 512 4715 ιιι.
525 4682 592 4715 onoc
608 4666 728 4725 deerunt,
742 4672 808 4732 putu
824 4680 872 4729 ιι,
889 4666 931 4718 ced
944 4670 1050 4717 meis.-
1064 4683 1207 4735 quaequam
1223 4684 1254 4719 oc
1269 4670 1468 4737 neumepus'den
1479 4668 1597 4739 desem]

449 4746 576 4811 uideatur,
591 4753 616 4800 se'
630 4746 685 4809 derel
701 4744 853 4817 ἆπορητικῶς
868 4754 1037 4820 occeptum.
1059 4750 1112 4803 Sed
1121 4754 1213 4803 nem
1223 4754 1388 4818 desideretur,
1400 4764 1447 4807 out
1456 4754 1505 4808 deo
1514 4755 1597 4804 semi

451 4848 516 4885 cone
528 4836 654 4885 tricesimo
666 4834 830 4896 eedeoiceuslc,¹
849 4844 873 4887 et
885 4836 940 4889 de'ee
951 4836 1072 4905 capesse·
1081 4847 1132 4890 reto
1143 4854 1178 4895 vr.
1192 4838 1250 4891 Iun.
1274 4838 1346 4906 Ergo
1357 4840 1441 4892 eedem
1454 4858 1520 4893 euno
1525 4828 1591 4907 paule
