3650 5642
437 601 503 657 ocu
763 640 788 694 ι

436 756 513 811 buius
524 756 649 811 nonnulle
658 755 822 811 disserenm.
845 757 986 811 Videamus
1002 772 1068 811 nunc
1081 758 1211 827 quodnem
1221 756 1253 811 de
1263 758 1295 811 iis
1305 758 1460 812 Innocentii
1469 756 1580 811 iudsc‘nn

437 843 564 907 extiterit,
574 843 627 896 imo
640 846 727 895 utrum
738 841 770 895 ‹le
781 842 832 895 illis
842 842 945 897 locutus
955 842 1057 897 ommno
1067 843 1114 907 sit,
1125 843 1194 913 quod
1202 844 1315 913 plerique
1324 859 1426 897 omnes
1434 843 1581 897 existiment

435 928 483 981 llic
494 929 563 981 enim
574 927 731 997 epistolem.
740 926 942 998 sdllxupsrium
953 944 1008 999 cep.
1017 946 1045 981 n.
1057 927 1094 980 ite
1105 928 1203 981 scribit:
1226 927 1583 997 cirmumcidamus

436 1014 467 1065 ds
487 1012 528 1063 bis
543 1012 673 1065 obserosmu'
689 1013 779 1065 debecn
793 1016 837 1083 pei
846 1024 906 1082 post
922 1014 1070 1083 baptismum
1086 1017 1153 1066 omni
1169 1022 1275 1083 tempore
1293 1017 1500 1065 incontinentiae
1516 1022 1539 1065 et
1552 1032 1583 1063 eo·

435 1098 572 1167 leptotibes
583 1099 664 1151 dediti
673 1100 701 1149 in
711 1106 820 1151 estresw
830 1100 879 1159 tine
890 1102 957 1151 citae
967 1116 1029 1151 eoos
1036 1102 1216 1167 poenitentium
1231 1100 1306 1151 eimsd
1316 1106 1338 1151 et
1353 1100 1585 1151 reconciliationes

436 1185 611 1236 communionis
625 1192 768 1253 coporeum.
801 1183 843 1236 De
858 1183 899 1235 lie
913 1184 1053 1235 obremmm
1070 1186 1142 1252 prior
1158 1185 1252 1247 siurim,
1264 1187 1397 1253 posterior
1415 1186 1585 1236 interueniente

435 1270 612 1321 misericordia
628 1269 778 1321 inclinatior
795 1277 837 1321 est
871 1268 941 1320 Nom
957 1256 1105 1321 conedemdo
1117 1272 1193 1337 prior
1207 1272 1296 1332 tenuit,
1313 1279 1340 1321 nt
1355 1271 1545 1321 concederetur
1559 1271 1587 1317 eis

430 1356 587 1423 poenitentia
591 1391 599 1416 ‚
610 1355 657 1406 sed
666 1358 802 1405 communio
813 1362 955 1421 reperetur.
984 1352 1054 1405 Nom
1066 1370 1120 1405 cum
1132 1354 1184 1407 illis
1195 1354 1343 1423 temporibus
1354 1354 1473 1406 crebrae
1479 1370 1587 1423 persece

435 1442 513 1491 dones
523 1448 616 1503 meent,
628 1456 658 1491 ee
669 1442 845 1491 commaniom's
855 1438 1100 1507 concessasncilitos
1108 1438 1217 1491 bomines
1228 1440 1259 1491 de
1269 1440 1489 1491 reconciliaremus
1498 1454 1588 1489 securos

435 1540 483 1575 non
493 1532 627 1575 reuocaret
637 1544 654 1575 o
666 1524 753 1593 lapsu,
769 1532 862 1591 nepotc
878 1527 965 1576 merito
977 1528 1114 1575 communio
1129 1534 1177 1587 eet,
1194 1540 1311 1575 concesso
1320 1527 1501 1593 poenitentia,
1518 1540 1546 1573 ne
1560 1530 1588 1571 to

334 1626 357 1667 p
365 1614 409 1659 ”tt
434 1612 594 1678 tumpenitns
604 1619 748 1677 soporetur,
759 1617 785 1660 et
792 1610 918 1661 duriorem
929 1612 1097 1661 remissionem
1099 1611 1167 1677 jecit
1175 1612 1291 1677 temporis
1299 1612 1380 1661 ratio.
1398 1608 1459 1660 Sed
1464 1616 1588 1677 poetpuoe

435 1695 548 1747 densim
558 1705 642 1747 noster
652 1711 745 1763 pacem
762 1694 876 1745 ecclesiis
890 1696 943 1744 seis
958 1694 1082 1757 reddidit,
1099 1698 1151 1745 ism
1167 1694 1268 1763 depulso
1284 1702 1382 1745 terrore
1398 1697 1587 1745 commembres

435 1780 497 1831 deri
511 1778 657 1831 obeuntibm
667 1778 782 1847 placuit,
799 1786 825 1830 et
835 1787 943 1847 propter
959 1780 1053 1831 domiui
1068 1779 1282 1849 misericordiam,
1299 1782 1374 1846 quusi
1392 1782 1523 1831 es'aticere
1535 1792 1586 1845 prr

427 1867 552 1933 secteris,
563 1880 594 1914 ne
605 1861 749 1915 Noootiani
758 1860 884 1915 baeretici
895 1867 1010 1931 nepantis
1021 1866 1119 1915 neniam
1131 1866 1293 1933 asperitatem
1305 1872 1329 1915 et
1340 1864 1473 1915 daritim
1484 1862 1586 1928 sebsepu

434 1950 572 2001 oideonnr.
593 1944 728 1999 Tribnetnr
736 1964 795 2015 erpo
804 1964 859 1999 cun
865 1952 1019 2017 poenitentia
1029 1956 1139 2000 extremo
1149 1954 1284 1999 communio
1293 1956 1339 1999 etc.
1355 1946 1437 2001 Hunc
1450 1943 1588 2000 Innuceulil

433 2033 534 2094 locum,
545 2030 616 2100 qnod
626 2032 654 2085 in
666 2048 697 2085 so
708 2046 803 2101 genere
814 2031 1033 2086 luculentissimus
1045 2032 1091 2095 eit,
1107 2037 1191 2085 totum
1206 2030 1400 2103 adscripsimus.
1426 2031 1499 2085 (ium
1510 2038 1588 2083 eutem

434 2118 467 2171 sd
477 2116 629 2171 Eliberitsni
639 2117 741 2170 concilii
752 2115 855 2170 decrets
865 2117 1017 2171 nominetim
1029 2116 1187 2187 respexisse,
1203 2133 1262 2170 cum
1277 2115 1340 2170 bssc
1356 2117 1505 2180 scriberet,
1519 2114 1586 2167 luno

434 2203 546 2257 mutium
557 2206 648 2273 putent
659 2200 778 2255 bomines
788 2202 895 2264 eruditi,
911 2200 976 2255 mibi
991 2200 1094 2271 quidem
1108 2218 1160 2255 non
1171 2202 1289 2273 probent.
1322 2200 1391 2255 Nem
1402 2201 1586 2255 Eliberitsnum

433 2288 571 2341 concilium
582 2285 690 2339 καθόλου
702 2287 734 2340 de
743 2288 776 2341 iis
787 2288 900 2357 loquitur
916 2288 958 2357 qui
976 2287 1096 2356 greuiors
1110 2294 1136 2339 et
1150 2287 1271 2357 cepitnlie
1286 2286 1378 2339 delicte
1396 2286 1585 2341 comnenae

433 2388 500 2443 quse
512 2372 546 2425 sd
556 2372 607 2425 tris
618 2387 715 2441 genere
724 2372 895 2425 Tertullianus
907 2371 1067 2425 etPecienus
1079 2377 1214 2435 revocem
1226 2388 1290 2441 quos
1300 2370 1421 2441 quidem,
1434 2382 1585 2441 quocunque

434 2458 536 2513 demum
549 2465 664 2528 tempore
675 2457 777 2511 admitti
787 2473 845 2511 sese
859 2456 1061 2527 postuleverint,
1076 2456 1247 2527 repudiandos
1263 2454 1382 2511 decernit
1419 2458 1457 2510 At
1468 2450 1585 2523 Exuperii

433 2543 573 2597 sciscitetis
585 2542 618 2595 sd
629 2548 786 2597 sustentem
798 2542 942 2612 pertinebat
953 2543 998 2611 qni
1009 2548 1069 2613 post
1079 2543 1175 2595 succis
1187 2542 1283 2595 scelere
1296 2542 1489 2612 poenitentium
1503 2541 1531 2593 in
1546 2553 1583 2591 ex·
1622 2604 1623 2613 ἵ

432 2635 544 2683 nemum
555 2629 624 2681 eitse
635 2634 738 2697 tempus
749 2626 916 2681 distulissent
949 2628 1052 2697 Alioqui
1063 2642 1123 2679 curn
1134 2625 1228 2680 infiniti
1239 2642 1350 2680 cenones
1363 2627 1394 2680 ds
1406 2628 1543 2699 lspsorum
1559 2638 1585 2675 sc
1622 2616 1623 2675 l

433 2728 655 2783 quorumcumque
669 2722 833 2782 peccatorum
848 2712 1006 2782 poenitentis
1022 2718 1048 2763 et
1062 2711 1267 2765 reconciliatione
1283 2711 1379 2765 conditi
1393 2712 1521 2775 inissent,
1537 2714 1583 2761 mm

432 2804 492 2851 ente
508 2813 587 2867 qoem
604 2805 664 2868 post
680 2796 822 2849 Nissenum
839 2798 989 2860 concilium,
1009 2812 1119 2867 cumque
1136 2795 1278 2851 Nicesnum
1298 2798 1384 2867 ipsum
1401 2798 1434 2851 de
1452 2797 1534 2867 lapsis
1549 2808 1583 2847 re

432 2881 557 2953 cipiendie
568 2890 622 2935 tem
633 2880 728 2935 diserte
739 2882 881 2944 sanxisset,
892 2883 980 2951 inepte
992 2896 1055 2933 seue
1066 2880 1158 2934 luisset
1169 2880 1290 2952 liruperii
1299 2882 1344 2935 ille
1352 2883 1489 2952 qaeestio,
1501 2882 1524 2935 si
1534 2876 1582 2933 uui·
1621 2936 1622 2941 χ

432 2982 505 3020 verse
516 2973 595 3035 etque
606 2965 707 3019 inbuite
718 2974 884 3036 percontetur
895 2972 970 3019 esset
1002 2964 1053 3017 Sed
1065 2966 1187 3019 nimirum
1199 2968 1262 3030 elis,
1273 2972 1299 3019 et
1310 2967 1417 3038 elapsis
1429 2984 1462 3021 ec
1472 2972 1582 3039 peccetc
1621 2989 1622 2993 1

431 3052 504 3105 esus
514 3052 620 3121 reliquis
631 3052 735 3105 ntorum
746 3058 866 3122 espen
877 3066 970 3105 ceum
981 3050 1043 3115 rust,
1059 3052 1104 3121 qur
1119 3052 1304 3122 poeniendam
1319 3052 1352 3105 ee
1366 3052 1492 3107 insusse
1504 3050 1582 3105 ossis
1621 3008 1622 3086 l

432 3138 575 3209 periculum
593 3154 675 3209 usqne
693 3136 866 3201 distulissent,
886 3137 981 3208 quibus
999 3137 1077 3191 etism
1095 3136 1255 3191 moribundis
1275 3136 1337 3189 elim
1356 3137 1501 3191 intercluso
1519 3150 1580 3188 con·
1621 3137 1622 3166 l

432 3224 579 3278 mumoest.
597 3220 821 3294 Quodcpprisuus
830 3222 945 3294 Epistola
955 3240 988 3278 ur.
1001 3222 1213 3277 edentonlennm
1223 3222 1353 3275 euidenter
1362 3222 1505 3293 significet.
1523 3218 1581 3273 Nem

434 3326 494 3364 cum
504 3309 628 3363 edumsm
637 3308 796 3363 lloretienos
807 3310 844 3362 its
856 3309 1012 3379 scripsisset:
1024 3306 1108 3361 Miror
1116 3316 1196 3361 oeten
1206 3309 1324 3377 quosdam
1333 3311 1371 3359 eie
1380 3308 1519 3361 obstinatos
1527 3318 1579 3363 esc,

433 3405 462 3447 nt
477 3397 590 3449 dandam
607 3395 689 3465 lapee's
706 3412 753 3447 non
765 3403 856 3463 putent
866 3397 1059 3462 poenitentiam,
1077 3404 1123 3445 cot
1136 3393 1317 3463 poenitentibus
1334 3397 1474 3445 existiment
1490 3393 1579 3445 nemon

434 3481 621 3548 demandam.-
632 3484 724 3549 postes
735 3479 786 3531 iste
796 3477 911 3529 subiicit:
934 3476 970 3529 Et
980 3478 1089 3539 idcirco,
1095 3482 1184 3545 frater
1196 3482 1338 3541 carissime,
1349 3482 1528 3547 poenitentium
1539 3488 1579 3523 sos
1620 3515 1621 3532 t

434 3573 547 3630 opertos,
560 3581 606 3615 nec
617 3565 725 3615 dolorem
737 3564 882 3615 delictorum
894 3579 993 3613 enorum
1005 3570 1053 3615 toto
1065 3564 1141 3615 corde
1153 3572 1176 3615 et
1186 3566 1322 3631 mendesio
1331 3564 1518 3615 lamentationis
1525 3572 1579 3611 esce

429 3651 588 3715 professione
599 3656 728 3710 testantes,
740 3644 911 3714 prohibendos
923 3650 1020 3698 omnino
1032 3652 1170 3699 censuimus
1182 3668 1199 3699 u
1209 3665 1253 3717 epe
1265 3650 1495 3700 communicationis
1506 3654 1530 3699 et
1537 3661 1579 3713 pu·
1619 3656 1620 3721 ,

434 3734 483 3793 cis,
499 3734 524 3782 ei
539 3735 566 3782 in
581 3732 727 3799 infirmitate
738 3738 811 3797 atque
822 3734 849 3781 in
856 3731 975 3798 periculo
987 3734 1114 3800 coeperint
1125 3734 1262 3801 deprecari
1265 3771 1273 3795 ,
1290 3736 1349 3801 puio
1360 3750 1456 3799 rupere
1467 3732 1524 3785 illos
1536 3744 1577 3779 ποί·
1619 3730 1620 3807 l

434 3816 522 3868 delicti
527 3818 694 3885 poenitentis,
706 3814 751 3863 eed
759 3817 845 3866 snortis
852 3818 965 3883 serpentis
974 3816 1109 3869 admonitio
1119 3818 1254 3885 compellit,
1267 3834 1310 3867 nec
1321 3817 1412 3885 dipssne
1422 3827 1460 3869 est
1467 3818 1578 3885 accipet!
1619 3828 1620 3901 l

432 3901 549 3953 solatium
560 3903 603 3967 qni
612 3916 639 3951 se
651 3916 698 3949 non
711 3900 833 3965 copltuoit
843 3916 895 3951 esse
907 3903 1060 3955 moriturum.
1089 3898 1126 3953 De
1138 3900 1170 3953 ite
1181 3906 1207 3952 eb
1218 3899 1363 3970 Exuperius
1376 3902 1576 3972 interrogarent

434 3990 461 4037 et
471 3984 610 4053 respondet
619 3982 796 4046 Innocentius,
808 3984 902 4052 quibus
913 3990 1035 4054 negelsm
1048 4000 1104 4038 esse
1116 3986 1325 4040 communionem
1336 3988 1431 4039 mirum
1442 3986 1522 4040 rideri
1532 3996 1577 4037 uon
1618 4014 1619 4041 ς

434 4069 522 4133 debet,
538 4085 598 4121 cum
610 4068 651 4121 sel
662 4065 873 4133 cstecbumenos,
888 4070 944 4138 qni,
960 4070 1030 4139 qnod
1045 4068 1160 4123 nondum
1172 4072 1294 4125 ecclssise
1306 4072 1428 4142 potesteti
1438 4070 1533 4125 subditi
1544 4080 1576 4119 es·

435 4162 505 4220 unt,
520 4152 660 4207 bumenius
676 4152 803 4209 casnedi
818 4152 933 4219 inerunt,
950 4154 1040 4207 eedem
1057 4156 1102 4209 ille
1117 4171 1245 4209 cenenum
1262 4157 1385 4209 severitus
1401 4150 1576 4226 perstrinxerit.

438 4239 562 4309 Numqui
573 4238 731 4309 baptismum
741 4240 770 4293 in
782 4239 881 4293 obitum
892 4254 974 4309 usqne
986 4248 1179 4310 prorupissent,
1197 4258 1248 4293 non
1260 4242 1311 4295 iilis
1323 4241 1426 4310 quidem
1437 4242 1506 4311 quod
1517 4244 1576 4311 pete

436 4326 500 4379 bsnt
510 4324 667 4393 denegetum
683 4322 746 4388 init,
762 4324 809 4377 sed
824 4324 902 4377 iidem
913 4325 985 4377 uelut
998 4324 1120 4379 iulemiee
1132 4326 1199 4379 notis
1210 4326 1317 4379 inustis
1328 4326 1471 4379 secerdotio
1483 4324 1574 4396 penitus

435 4410 600 4471 ercebeutnr3
612 4424 677 4478 qnos
688 4409 767 4462 etism
779 4409 885 4463 clinicos
896 4410 1077 4475 uominsbent;
1090 4410 1157 4481 quod
1169 4411 1195 4463 iu
1207 4426 1300 4463 censes
1311 4410 1448 4464 Noeetieni
1459 4414 1575 4463 tmnntn

435 4493 484 4549 88.
495 4494 544 4549 ΡΡ.
557 4500 584 4547 et
598 4509 669 4547 conc.
680 4491 896 4548 Neocsessrisnse
913 4492 1026 4547 decreuit
1041 4494 1102 4549 Gen.
1116 4514 1162 4549 111.
1197 4494 1234 4547 De
1245 4496 1343 4549 clinicis
1355 4496 1442 4564 igitur,
1458 4501 1488 4547 nt
1501 4496 1535 4547 ite
1543 4488 1573 4543 n·-

435 4594 506 4642 cnm,
517 4578 708 4649 poenitentibus
720 4580 899 4650 accipiendum
909 4584 949 4633 est
957 4579 1108 4649 rescriptum
1116 4579 1180 4633 illud
1189 4580 1338 4635 lunocenlii.
1357 4580 1404 4633 Vel
1415 4580 1514 4650 potins,
1525 4590 1573 4631 cum

435 4668 461 4715 et
471 4662 503 4715 de
514 4664 566 4716 illis
577 4670 641 4733 eget
650 4664 801 4734 praecipue,
818 4672 845 4718 et
860 4682 891 4719 eo
906 4664 1019 4719 umretio
1034 4670 1089 4717 tote
1104 4664 1236 4729 reseretur,
1252 4666 1330 4719 ultius
1347 4670 1433 4719 temen
1450 4664 1571 4734 negotium
1616 4686 1617 4739 p

434 4750 566 4816 repetens,
578 4748 640 4817 quid
651 4748 683 4801 de
694 4749 767 4801 omui
776 4756 940 4817 peccstornm
953 4764 1047 4818 genere
1059 4748 1179 4803 ecclesius
1191 4750 1347 4803 consuetudo
1359 4750 1482 4813 tenuerit,
1493 4750 1519 4803 in
1529 4760 1571 4801 nc

434 4830 544 4885 merium
559 4839 677 4899 rerocst3
697 4831 766 4903 quod
787 4832 819 4883 sd
840 4834 945 4887 clinicos
962 4834 1026 4887 istos
1043 4834 1203 4902 suspicemur
1222 4842 1312 4905 postes
1330 4834 1411 4887 inisse
1430 4834 1571 4887 nutricium

1302 5245 1413 5285 -
1609 5084 1616 5285 l
