3650 5642
1267 609 1383 666 LXXIII·

238 766 382 834 dsindmo,
391 767 524 822 ldardone
536 781 567 820 ae
577 765 684 822 iudaice
694 767 763 822 bello
774 767 935 824 mentionem
945 767 1016 834 iecit,
1026 771 1061 831 et,
1072 767 1142 838 quod
1153 769 1232 838 eaput
1242 771 1290 832 est,
1301 765 1379 820 buius

238 855 300 906 etisn
313 854 416 906 initium
429 853 534 921 subiicit
549 853 633 923 capite
643 871 681 909 ιι.
713 853 749 906 At
758 869 819 908 rero
835 870 892 926 esp.
903 871 960 918 ιν,
977 854 1032 908 sire
1045 849 1086 918 ις’,
1103 853 1213 906 alteram
1223 851 1379 924 Apologinm

238 939 275 990 sub
291 939 324 994 E.
339 939 442 992 Aurelio
460 944 487 991 et
502 939 532 994 L.
543 939 611 992 Vero
628 939 754 1008 scriptam
770 937 897 993 affirmat:
916 937 979 992 κατὰ
996 939 1080 1000 rodeis
1096 938 1137 992 set
1153 935 1261 1008 ὁμικρῷ
1273 936 1378 1014 πρόσθεν

238 1021 282 1092 iuis
291 1022 401 1090 inimicis
413 1021 545 1086 Ἰονπῖνος
557 1023 668 1093 δεύτερον
681 1021 740 1094 ὑπὲρ
753 1026 802 1076 τῶν
815 1021 869 1075 aad‘
881 1023 945 1094 ipsis
957 1021 1090 1094 δογμάτων
1102 1022 1195 1093 βιβλίον
1212 1021 1316 1083 ἀναδοὺς
1327 1025 1386 1082 τοῖς.

238 1107 391 1177 ὲδρλωρένοος
402 1105 521 1180 ἄρχουσι,
538 1108 596 1178 θείῳ
611 1113 802 1180 καταοομέῖται
817 1109 953 1179 μορτορίῳ.
982 1108 1037 1162 Sub
1049 1109 1153 1162 Aurelio
1171 1109 1251 1179 igitur
1266 1113 1292 1160 et
1303 1108 1379 1172 Vero,

238 1211 288 1261 qnos
297 1211 347 1264 cap.
359 1213 422 1260 rm,
439 1195 495 1248 sire
508 1191 549 1260 ιδ’,
564 1194 697 1248 Antonino
709 1195 755 1248 Pio
767 1195 927 1250 successisse
939 1194 1142 1265 significaverat,
1158 1193 1298 1248 secundam
1310 1193 1379 1264 Apo·

237 1279 315 1345 regiam
324 1279 432 1345 obtulit,
448 1286 474 1332 st
489 1296 585 1350 passus
596 1286 637 1333 est
647 1279 770 1335 Iustinus.
793 1279 905 1334 Eusebio
918 1280 1059 1334 assentitur
1069 1279 1174 1334 Eieron.
1185 1279 1213 1332 in
1224 1279 1319 1350 Script.
1332 1279 1378 1332 Ee-

238 1363 282 1414 des.
293 1369 315 1416 et
323 1364 438 1418 Photins.
461 1365 545 1420 Hodie
554 1365 648 1418 Instini
659 1365 726 1419 duae
738 1370 832 1421 extem
841 1366 994 1436 Apologise.
1017 1365 1117 1420 Earum
1126 1365 1197 1436 prior
1209 1363 1242 1418 ad
1253 1364 1379 1418 Senatum

238 1450 368 1504 inscribitur.
383 1450 517 1504 Posterior
528 1451 640 1504 eundem
649 1451 762 1520 praefert
773 1451 887 1514 titulum,
898 1467 977 1520 quem
989 1451 1088 1521 primae
1096 1450 1240 1520 Apologise
1250 1449 1379 1504 Eusebius

238 1535 341 1600 attribuit,
356 1553 453 1606 nempe
467 1532 635 1606 Αὐτοκράτορι
652 1537 719 1607 Τίτῳ
734 1532 813 1606 Αἰλίῳ
830 1533 952 1606 Ἀδριανῷ
969 1533 1106 1606 'bernaium
1129 1533 1242 1604 Εὐσεβεῖ,
1259 1533 1384 1604 Σεβαστῷ.

237 1617 329 1688 inrupi,
340 1620 379 1672 καὶ
391 1620 555 1692 Odnproov'pqs
567 1618 613 1691 υἱῷ
625 1621 779 1690 Φιλοοόρερ,
796 1620 836 1672 aod
847 1619 945 1690 Λουκίῳ
958 1619 1098 1690 Φιλοοόρερ
1110 1619 1231 1689 Καίσαρος
1244 1620 1312 1689 φύσει
1324 1618 1378 1690 υἱῷ,

237 1703 266 1754 ιε’·
278 1703 388 1775 bissinus
404 1704 543 1777 εἰςκοιηεῷ.
566 1706 664 1760 Neutra
679 1705 773 1760 barum
787 1706 839 1760 soli
849 1706 980 1760 Antonino
998 1711 1038 1760 est
1054 1705 1186 1776 inscripta.
1214 1705 1294 1758 Porro
1311 1722 1384 1775 qnae¹

237 1792 352 1856 posteriore
364 1794 423 1846 loco
437 1799 565 1858 censetur,
583 1810 614 1846 ea
630 1794 717 1864 prima
728 1808 763 1844 ex
774 1791 876 1844 duabus
888 1791 983 1846 oblatis
995 1807 1011 1844 a
1022 1791 1120 1844 Iustino
1132 1791 1212 1844 rideri
1223 1807 1276 1844 non
1288 1791 1379 1844 imme·

237 1874 272 1925 rito
284 1883 369 1944 potest
391 1878 510 1932 Primum
528 1878 591 1948 qnia
606 1879 732 1950 priorem,
750 1894 784 1931 ex
795 1876 914 1940 Eusebii,
930 1876 1082 1946 Hieronymi
1098 1881 1125 1930 et
1140 1875 1225 1930 Photii
1241 1877 1378 1930 autoritate

237 1960 342 2015 Antonino
358 1962 418 2028 Pio,
433 1964 606 2035 posteriorem
622 1969 682 2034 post
698 1964 754 2016 eins
771 1968 883 2018 mortem
905 1961 1009 2016 Aurelio
1027 1977 1057 2016 ac
1071 1962 1137 2016 Vero
1153 1961 1236 2034 Impp.
1252 1961 1378 2016 exhibuit.
1471 1967 1475 1984 ¹

237 2043 312 2100 Deinde
323 2050 447 2117 quonism
459 2049 588 2103 Eusebius
600 2066 657 2120 cap.
666 2067 709 2102 xv.
721 2049 801 2102 rerba
817 2047 945 2118 quaedam
962 2065 996 2102 ex
1011 2047 1153 2118 posteriore
1164 2049 1294 2118 Apologia
1308 2064 1378 2102 com·

237 2140 351 2198 uenerat,
363 2135 461 2204 qnibus
473 2140 584 2190 mortem
595 2135 646 2188 sibi
657 2151 673 2186 a
685 2133 822 2188 Crescente
835 2135 927 2203 cynico
939 2133 1087 2204 impendere
1099 2133 1178 2198 dixit,
1194 2149 1262 2203 qnae
1273 2133 1378 2203 quidem

238 2216 292 2268 nea
306 2219 434 2288 leguntur,
450 2237 517 2291 quae
533 2218 608 2273 bodie
625 2221 709 2291 primo
726 2221 784 2274 loco
801 2220 914 2290 ponitur.
938 2219 1075 2294 Praeterea
1089 2235 1155 2289 quse
1173 2218 1287 2272 secunda
1299 2220 1378 2288 rnlgo

238 2303 368 2382 neumam,
384 2306 493 2358 ineunte
509 2307 634 2360 Antonini
650 2306 759 2376 imperio
776 2306 875 2376 scripta
890 2305 1004 2370 videtur,
1025 2321 1056 2358 sc
1072 2304 1182 2358 subinde
1198 2309 1258 2374 post
1272 2304 1385 2360 Adriani·

239 2396 330 2442 nonem.
352 2389 456 2460 Quippe
467 2391 573 2444 Antinoi
584 2392 654 2444 vetut
666 2408 755 2462 recens
766 2392 911 2444 consecrati
922 2391 950 2444 in
962 2392 1007 2444 ilia
1018 2390 1147 2454 meminit,
1166 2393 1209 2442 τοῦ
1225 2394 1266 2442 νῦν
1279 2408 1378 2460 γεγενη-

239 2471 298 2536 nbm.
325 2474 388 2528 Item
399 2475 499 2530 Indaiei
511 2476 585 2542 belli,
601 2477 671 2546 quod
688 2476 792 2546 perinde
805 2481 846 2528 νῦν
858 2475 1018 2547 γεγενημένον
1036 2476 1162 2546 appellat;
1177 2476 1251 2530 cuius
1270 2477 1331 2530 belli
1347 2493 1378 2530 so

239 2556 361 2614 deiectionis
377 2569 456 2615 antor
470 2562 522 2614 init
533 2560 739 2616 Barcbocbebas.
761 2562 803 2616 Ad
813 2561 879 2616 haec
888 2562 1023 2633 inscriptio
1036 2562 1106 2632 ipsa,
1125 2576 1204 2632 quern
1221 2562 1300 2632 paulo
1316 2569 1383 2620 ante

239 2645 377 2710 protulimus,
388 2647 504 2718 idipsum
515 2645 623 2702 sundere
635 2653 729 2718 potest.
754 2647 821 2702 Nam
833 2648 979 2712 Aurelium,
991 2647 1245 2718 quemVerissimnm
1257 2647 1378 2718 appellat,
1420 2629 1426 2648 ⁸

239 2729 327 2784 nondun
338 2731 477 2786 Caesarem
488 2743 572 2786 vocat
595 2733 662 2786 Cum
674 2740 762 2787 tamen
770 2733 911 2786 LusiiVeri
920 2739 1028 2802 patrem,
1040 2733 1086 2803 qui
1097 2733 1131 2786 ab
1141 2732 1254 2786 Adriano
1263 2733 1377 2803 primum

240 2811 348 2881 adoptans
358 2815 459 2882 fueret,
470 2834 500 2872 eo
513 2819 618 2874 nomine
630 2819 764 2890 insigniat
787 2819 868 2888 Atqui
878 2825 939 2890 post
947 2818 1054 2874 Adriani
1065 2824 1175 2872 mortem
1185 2819 1304 2872 Aurelius
1314 2819 1377 2874 Cae·

240 2898 286 2950 ms
296 2917 383 2955 nomen
395 2904 517 2956 obtinuit.
541 2902 666 2967 Quocirca
678 2906 767 2958 statim
778 2910 840 2976 post
850 2905 958 2958 Adriani
970 2920 1060 2958 necem
1071 2904 1150 2974 panto
1163 2909 1302 2974 antequam
1314 2903 1377 2958 (iae-

240 2997 270 3034 ἐπ
278 2987 438 3054 ορροῑίνεοῑνιε
449 2987 583 3053 Aurelius,
598 2990 712 3059 priorem
723 2991 880 3061 apologiam
892 2991 971 3061 (qnae
988 3005 1123 3060 perperam
1135 2988 1251 3044 secundo
1262 2991 1320 3044 loco
1332 3007 1377 3060 po·

240 3067 299 3137 niort
312 3070 430 3126 babuisse
448 3074 556 3127 ridetur.
590 3077 706 3144 Apparet
722 3076 828 3146 insuper
846 3076 979 3130 Veisenni
994 3091 1090 3128 nomen
1106 3075 1186 3128 etiam
1202 3081 1262 3146 poet
1277 3075 1377 3130 virilem

241 3156 307 3220 togam
315 3174 392 3226 penes
403 3160 524 3213 Marcum
536 3160 670 3214 Aurelium
679 3161 820 3226 resedisse,
832 3162 938 3216 temetsi
949 3160 1111 3230 Capitolinus
1123 3164 1264 3230 antequem
1277 3161 1376 3214 virilem

241 3242 307 3306 togam
321 3251 444 3310 sumeret,
456 3245 641 3316 Verissimum,
657 3263 688 3300 en
703 3252 841 3317 usurpato,
856 3247 972 3300 Annium
978 3246 1074 3300 Verum
1084 3245 1204 3314 deinceps
1213 3245 1378 3300 nominatum

242 3337 282 3376 tuse
291 3329 418 3399 scripserit.
450 3330 555 3382 Virilem
568 3343 650 3383 nutem
662 3341 745 3400 toyam
756 3336 863 3402 sumpsit
873 3322 1054 3402 quintodecimo
1067 3334 1161 3384 aetatis
1173 3349 1253 3393 norro,
1268 3329 1377 3384 tetidem
1418 3365 1421 3372 r

242 3412 331 3464 iutatur.
346 3413 418 3477 Quod
430 3417 570 3486 superstite
579 3415 663 3470 adhuc
673 3417 786 3472 Adriano
796 3416 902 3472 iactum.
921 3417 1056 3488 Siquidem
1069 3421 1187 3470 mortuus
1199 3420 1239 3468 est
1248 3415 1377 3470 Adrianus

243 3490 349 3552 Camerino
363 3507 390 3553 et
408 3499 492 3572 Nigro
510 3499 624 3557 Cosam.
635 3502 692 3556 Eid.
703 3502 764 3567 lui,
780 3520 848 3556 anno
860 3501 937 3556 Urbis
950 3517 1086 3558 roccoxcr.
1109 3501 1213 3556 Marcus
1227 3509 1376 3556 euronotus

243 3581 333 3636 ett'ero
348 3592 372 3638 et
387 3587 496 3656 Augure
512 3586 598 3652 Cosa,
615 3605 684 3642 anno
697 3604 868 3642 rocccnxrrr.
902 3589 985 3658 Igitur
1001 3604 1100 3642 annum
1116 3588 1213 3657 agebat
1226 3604 1300 3640 xvrn.
1317 3603 1377 3640 cunr

243 3663 341 3722 Adrianus
351 3673 472 3724 encenia
496 3671 567 3735 Quae
579 3672 610 3726 de
622 3674 765 3744 Apologiae
783 3674 918 3744 utriusque
934 3679 1050 3744 tempore
1062 3679 1140 3742 atque
1152 3671 1242 3726 ordine
1253 3672 1376 3738 diximus,

243 3747 300 3803 dubia
313 3771 360 3810 non
376 3763 464 3822 erant,
481 3758 534 3812 nisi
548 3757 676 3828 quaedam
693 3775 727 3812 ex
738 3758 852 3812 Eusebio
870 3764 897 3811 et
907 3759 966 3812 aliis
978 3759 1175 3822 intervenirent,
1193 3774 1260 3828 quse
1277 3759 1377 3828 negotii

244 3832 375 3904 tiqoantnrn
387 3841 512 3896 iacerent.
534 3843 701 3914 septimum
716 3843 844 3898 Eusebius
862 3860 917 3915 cap.
931 3863 998 3910 nvn,
1015 3845 1071 3898 sire
1084 3841 1123 3910 ιζ’,
1140 3842 1300 3898 Christianae
1317 3861 1376 3898 mu-

245 3917 292 3973 tiens
301 3923 426 3980 historiam
439 3927 572 3998 quandam
583 3945 616 3981 ex
627 3929 713 4000 priore
724 3928 818 3982 Iustini
829 3929 960 4000 Apologia
972 3935 1101 3994 recenset,
1117 3945 1183 3999 quse
1196 3929 1223 3982 in
1236 3929 1320 4000 prima
1332 3927 1376 3984 ho·

245 4001 308 4060 ¹ierne
318 4013 464 4068 continetur.
482 4012 581 4066 Deinde
592 4013 661 4066 idem
673 4014 729 4084 ipse
741 4013 980 4086 Iustinusdpol.11.
992 4031 1075 4068 annos
1086 4029 1132 4080 cn,
1144 4014 1178 4068 ab
1190 4031 1221 4068 eo
1234 4031 1311 4082 enno,
1324 4033 1385 4086 qno,

245 4088 386 4150 detonsionem
395 4099 475 4150 istam
484 4098 621 4163 scribebat,
634 4097 765 4152 Christum
774 4116 830 4152 esse
840 4107 932 4154 ustum
941 4105 1074 4154 memorat.
1093 4099 1159 4152 Cum
1171 4116 1233 4170 ergo
1244 4117 1372 4154 oxrnrrn.
1399 4125 1421 4164 p.
1433 4113 1465 4155 st.

246 4171 315 4230 Christi
324 4183 540 4236 mnotntoninns
549 4183 610 4237 Pius
619 4184 713 4248 inierit,
725 4200 791 4238 coss.
799 4184 935 4238 Camerino
946 4201 975 4238 ac
985 4185 1075 4254 Nigro,
1087 4201 1250 4254 consequeus
1260 4191 1299 4238 est
1307 4201 1375 4238 aurio

245 4257 339 4317 botonioi
347 4283 400 4320 rrn.
417 4267 485 4322 bane
499 4285 566 4340 qnae
580 4269 693 4323 secunda
704 4275 863 4335 numeratur,
875 4285 994 4340 quaeque
1007 4285 1022 4321 a
1033 4269 1109 4322 uobis
1121 4271 1191 4340 prior
1203 4271 1376 4334 constituitur,

246 4342 368 4417 ipsiognm
382 4369 441 4406 esee
458 4355 590 4425 scriptam.
613 4354 749 4408 Praeterea
760 4355 900 4408 Marcionis
912 4353 1035 4408 haeretici
1047 4353 1149 4410 duobus
1166 4355 1194 4410 in
1210 4355 1273 4409 locis
1286 4355 1376 4408 menri·
1393 4362 1395 4370 ’

247 4429 277 4480 rit
299 4433 365 4489 Eone
376 4447 463 4492 autern
474 4439 525 4492 snb
536 4437 667 4493 Antonino
679 4439 724 4494 Pio
737 4446 797 4511 post
813 4457 897 4493 annos
910 4441 943 4491 eb
956 4440 1028 4492 obitu
1041 4437 1137 4494 Christi
1148 4455 1210 4494 crus
1229 4441 1282 4492 iere
1295 4457 1376 4494 emer-

247 4512 292 4566 sisse
300 4517 462 4576 temnimus
474 4524 611 4579 confirmat
622 4526 667 4578 lib.
678 4543 695 4579 r.
708 4532 798 4578 contra
814 4526 895 4581 Marc.
909 4543 930 4578 c.
943 4543 997 4580 xix.
1021 4523 1081 4579 Non
1096 4526 1181 4596 potnit
1197 4525 1277 4595 igitur
1292 4525 1376 4596 primo

249 4597 340 4658 intonini
349 4605 468 4679 Imperat.
481 4627 550 4663 anno
562 4609 678 4664 defensio
689 4612 734 4664 iila
746 4612 779 4664 ab
790 4610 890 4664 Iustino
903 4627 960 4664 esse
972 4611 1076 4682 scripte.
1100 4609 1151 4665 Sed
1169 4615 1197 4663 ut
1214 4627 1247 4662 ex
1259 4609 1292 4662 iis
1304 4611 1375 4664 tricis

249 4689 346 4757 utusque
356 4709 382 4746 se
391 4694 486 4748 veritas
495 4695 620 4766 explicet,
632 4695 698 4750 mihi
706 4696 847 4750 admodum
855 4697 989 4766 probabile
998 4697 1107 4761 ridetur,
1120 4695 1168 4748 nisi
1179 4695 1266 4764 plnres
1276 4695 1376 4750 duabus

249 4779 279 4831 i1⁰
288 4769 423 4832 Christianis
434 4780 576 4852 Apologias
588 4779 702 4834 tustinus
715 4781 835 4846 ediderit,
853 4781 959 4836 omnino
974 4783 1085 4854 primaru
1097 4797 1153 4834 esse
1166 4797 1232 4852 quae
1245 4781 1324 4852 vulgo
1336 4798 1375 4834 se·
1414 4851 1420 4860 ι

251 4855 308 4908 tuis
316 4871 469 4937 numeratum
485 4865 603 4936 ideoque
614 4866 664 4920 sub
674 4867 779 4921 initium
790 4865 917 4921 Antonini
927 4867 1047 4940 Imperat
1060 4867 1183 4938 scriptam
1194 4865 1289 4934 inirem
1307 4865 1375 4938 quod
