3650 5642
442 606 534 665 CLXII

507 762 717 817 Transistiouum
725 764 881 813 vetustatem
890 760 984 814 essent
990 764 1018 812 ιι
1024 759 1120 813 Psulnr
1128 758 1362 829 ltliddelburgeusis
1369 759 1414 813 lib.
1420 776 1481 813 rm.
1490 762 1591 827 partu,
1619 801 1620 806 ,

441 866 474 901 ox
490 864 571 918 caque
588 846 717 918 passionis
733 846 832 899 domini
848 850 951 916 tempus
968 845 1095 914 exploret
1138 844 1191 899 Sed
1207 846 1235 898 in
1252 844 1396 923 Annplibus
1412 843 1448 896 nd
1464 860 1490 896 ι
1502 860 1591 902 xxm,

440 952 465 987 n.
475 934 516 987 34.
528 933 652 987 acerrime
664 948 723 985 cum
735 932 767 985 iis
780 930 960 1001 expostulatur
970 931 1016 999 qui
1031 946 1128 983 norum
1143 929 1176 982 do
1192 930 1318 983 meloto
1334 928 1459 999 puclrnte
1475 929 1505 981 in
1522 928 1593 980 eccle

439 1020 505 1071 siem
517 1018 558 1071 dei
568 1018 723 1070 invexerunt
735 1017 895 1087 opinionem,
912 1031 972 1068 cunr
986 1014 1014 1066 id
1027 1014 1091 1068 deus
1103 1015 1258 1084 gravissime
1267 1014 1438 1085 preeoeporit,
1450 1030 1487 1067 ne
1497 1014 1549 1066 slis
1558 1012 1593 1063 die

440 1118 518 1173 quom
533 1120 586 1155 riv.
598 1103 661 1155 luno
678 1102 710 1155 nd
722 1117 857 1172 vesperem
872 1116 976 1153 ssorum
991 1098 1089 1170 perche
1103 1100 1283 1153 celebrnretnr.
1313 1098 1391 1153 Unde
1405 1100 1454 1170 qui
1463 1106 1594 1170 propterea

439 1188 508 1257 quod
519 1187 647 1241 immundi
658 1192 746 1241 essent
760 1204 813 1241 ιιι.
824 1186 864 1239 die
876 1185 954 1255 primi
964 1185 1062 1237 mensis
1074 1200 1198 1254 perngero
1209 1185 1373 1255 nequissent,
1384 1201 1440 1238 non
1449 1185 1480 1237 in
1492 1200 1595 1253 sequen·

438 1279 503 1336 tem,
520 1281 566 1325 ant
582 1272 687 1325 tertium
705 1278 856 1341 quartumro
874 1269 955 1334 diem,
977 1270 1068 1323 sedin
1088 1286 1142 1323 xcv.
1161 1271 1252 1323 lunum
1268 1271 1368 1323 mensis
1383 1269 1496 1323 usundi
1513 1268 1596 1321 reiecti

438 1364 512 1421 sunt,
529 1356 600 1427 quod
616 1362 642 1409 et
652 1355 777 1411 Ezechiae
794 1356 863 1425 regis
876 1356 996 1424 exemplo
1008 1354 1200 1408 demonstrntrr
1210 1354 1295 1411 Persi.
1307 1370 1435 1426 cepm.
1460 1354 1542 1423 Atqui
1552 1351 1595 1404 hoc

438 1448 620 1511 argumentum
638 1446 728 1495 contre
744 1440 871 1495 festorum
887 1440 1084 1493 uumlntioucm
1099 1440 1157 1493 lero
1173 1440 1313 1493 admodum
1329 1440 1439 1494 ridetur.
1477 1438 1596 1497 Primum,

353 1572 359 1584 .
405 1574 411 1587 .
437 1529 499 1597 quin
510 1543 640 1597 nusquam
651 1528 679 1580 iu
696 1526 776 1579 sacris
792 1525 871 1579 literis
888 1531 1054 1595 praeceptum
1071 1531 1124 1589 est,
1141 1531 1171 1578 ut
1186 1525 1250 1578 luno
1259 1543 1313 1579 ιιι.
1333 1523 1431 1595 pusulis
1448 1524 1595 1583 celebretur,

436 1629 521 1683 noque
533 1614 610 1666 lunae
622 1612 719 1665 mentio
731 1610 774 1675 fit,
790 1610 835 1663 sed
851 1609 1075 1681 docimeeqnmtne
1091 1610 1144 1663 diei
1154 1610 1231 1680 primi
1241 1610 1348 1665 mensis.
1382 1610 1425 1663 An
1435 1626 1502 1663 roro
1513 1608 1595 1661 lunen

437 1716 490 1765 xre.
503 1698 540 1751 eie
554 1698 715 1751 observatum
728 1712 786 1749 esse
797 1695 900 1765 putabit
910 1695 1018 1765 uliquis,
1035 1700 1065 1748 ut
1075 1695 1141 1759 reri,
1158 1696 1201 1748 vel
1215 1695 1295 1749 medii
1310 1695 1404 1749 saltem
1417 1695 1514 1748 sideris
1525 1692 1595 1745 huius

436 1788 523 1837 motus
535 1782 687 1853 explorandi
697 1780 811 1835 inerint?
845 1779 904 1833 Non
915 1780 986 1833 euim
995 1778 1046 1833 hoc
1056 1781 1084 1833 in
1096 1780 1165 1833 cirili
1176 1786 1202 1833 ot
1211 1780 1343 1849 eeqnebili
1353 1796 1403 1833 usu
1413 1780 1546 1850 praesnti
1554 1794 1595 1847 pc

435 1870 492 1922 tuit
523 1868 578 1922 iioc
589 1872 677 1919 sutem
688 1872 787 1919 remoto
799 1863 864 1918 nihil
876 1865 993 1935 superior
1003 1865 1056 1918 ists
1065 1864 1227 1919 rsuocinstio
1239 1865 1346 1934 colligit
1379 1864 1448 1918 Nem
1461 1866 1595 1936 quiores

435 1955 501 2007 letes
514 1969 571 2005 esse
582 1952 660 2005 terius
673 1950 826 2015 defendunt,
838 1967 891 2003 non
902 1949 929 2002 id
940 1955 1071 2014 moerent,
1088 1950 1139 2003 clio
1151 1949 1193 2002 dic
1204 1965 1284 2019 quum
1294 1967 1349 2005 nr.
1360 1950 1395 2003 sd
1405 1966 1546 2020 vesperem
1556 1963 1595 2017 ps·

436 2038 499 2091 eche
510 2038 682 2101 celebratum,
699 2036 745 2089 sed
756 2034 920 2089 neomeniam
931 2035 1029 2104 ipsum,
1046 2051 1063 2087 n
1074 2050 1127 2104 qur
1137 2052 1191 2089 ιιι.
1202 2034 1257 2087 dies
1272 2040 1432 2099 numeretur,
1447 2033 1595 2089 elterumin

436 2123 503 2175 diem
515 2122 650 2175 traiectum
662 2120 821 2175 existimant.
840 2120 893 2173 lico
902 2136 964 2173 vcro
975 2125 1074 2189 negent
1084 2134 1189 2173 necesse
1199 2119 1293 2184 ιιιίιιι,
1305 2124 1336 2171 nt
1344 2119 1460 2173 instentn
1471 2122 1531 2191 ipso
1542 2134 1595 2171 coe·

430 2206 508 2279 lestis
519 2206 656 2277 plenilunii
668 2206 708 2259 die
720 2205 848 2259 iestidtes
859 2205 979 2269 iniretnr3
995 2220 1056 2257 cnm
1066 2205 1109 2257 rel
1119 2220 1153 2259 ex
1165 2204 1231 2274 cycli
1241 2204 1340 2258 lunnris
1350 2205 1427 2270 ritio,
1444 2206 1490 2259 rel
1506 2221 1540 2257 ex
1554 2199 1594 2271 pi·

435 2308 496 2351 σεως
509 2291 700 2355 observatione,
715 2308 769 2345 mv.
782 2290 836 2343 dies
848 2290 946 2343 mensis
957 2290 1021 2342 lune
1031 2307 1073 2343 rr.
1086 2295 1132 2343 eut
1142 2307 1196 2343 ιιι
1208 2306 1266 2343 esse
1276 2290 1398 2360 potuerit

501 2376 570 2431 Ηιιι
583 2377 692 2431 dixerim
703 2392 757 2429 non
768 2381 798 2429 ut
807 2374 878 2427 illico
889 2374 1022 2444 politicum
1032 2375 1105 2428 illem
1115 2375 1265 2429 recentioris
1276 2374 1392 2445 cornputi
1399 2375 1594 2429 trmlstionem

434 2462 503 2533 opud
514 2462 623 2515 Iudaeos
636 2466 747 2525 veteres,
764 2460 881 2529 adeoque
893 2457 990 2511 Christi
1004 2465 1120 2530 tempore
1135 2466 1287 2530 usurpetrm
1302 2476 1361 2513 esse
1375 2458 1510 2513 definiam.
1542 2458 1593 2511 Hoc

434 2548 504 2601 enim
516 2548 557 2601 vol
569 2546 658 2599 ludsoi
668 2546 720 2615 ipsi
730 2550 837 2614 ungunt.
873 2542 1008 2614 Siquidem
1023 2544 1055 2598 R,
1066 2545 1141 2598 Mose
1157 2545 1209 2598 ben
1221 2546 1339 2599 lisimon
1349 2560 1406 2616 cep.
1416 2562 1455 2599 ιιι
1464 2540 1593 2599 Kiddnsch

433 2628 580 2685 huhodesch
597 2632 620 2697 t.
630 2646 675 2683 vn.
689 2634 716 2683 et
726 2647 781 2685 eru.
799 2628 965 2683 reiectionem
979 2629 1103 2683 feriarum
1113 2635 1204 2683 netem
1216 2647 1250 2684 ex
1260 2647 1291 2684 oo
1307 2636 1424 2701 ternpore
1440 2647 1499 2685 esse
1515 2632 1593 2700 putet,

434 2732 485 2785 qno
498 2715 531 2767 od
542 2714 642 2767 medios
652 2720 752 2780 motus,
768 2714 837 2767 roris
848 2715 1051 2785 praetermissis,
1067 2721 1217 2786 computum
1233 2732 1311 2771 suum
1321 2714 1431 2785 dirigere
1443 2717 1592 2787 coeperunlz

436 2820 537 2879 >ron
563 2820 632 2877 ιιι-ι
655 2820 824 2905 procurro
847 2818 907 2889 cn>
923 2794 992 2877 ‘riri
1015 2821 1055 2878 ro
1073 2822 1206 2906 pronon
1222 2819 1333 2909 pomp
1349 2821 1400 2908 pre
1419 2822 1478 2879 ros
1495 2822 1591 2879 secur

434 2924 500 2979 ron
518 2922 640 2978 *nourr
658 2921 773 3005 cupos
791 2888 837 2989 ni
860 2922 1007 2981 rounsrr
1027 2888 1342 2991 :orimnorum
1359 2924 1451 2982 ιιι-ι
1467 2889 1590 3017 papi

434 3024 535 3082 :non
551 2990 656 3091 orrnb
679 3024 736 3079 ono
759 3019 887 3083 ι-ιιιι
910 3022 979 3081 ιιι
997 3024 1109 3114 nornp
1126 3025 1179 3082 no
1198 3027 1265 3086 rur
1287 2994 1424 3093 reon&
1441 3027 1591 3086 romono

433 3127 554 3185 'mitri
572 3127 675 3213 Vizp:
714 3122 795 3185 Quom
811 3122 841 3175 od
854 3140 973 3175 couseom
984 3128 1011 3175 ιἰι
1022 3122 1069 3175 doc
1081 3133 1194 3193 computo
1205 3128 1358 3177 neomeniam
1369 3143 1419 3177 noo
1430 3126 1558 3177 collocant
1567 3126 1591 3173 or

426 3229 501 3295 sen'o
512 3244 531 3281 1.
545 3242 579 3279 ιι.
592 3234 617 3277 et
626 3230 681 3281 vn?
694 3226 798 3297 (nempe
810 3226 837 3279 in
849 3225 927 3296 Tieri)
953 3225 989 3278 Ol
999 3227 1031 3278 oi
1039 3228 1170 3291 videlicet,
1181 3228 1248 3296 qnod
1258 3237 1386 3296 computes
1395 3230 1443 3279 tete
1454 3244 1590 3281 ccccm

433 3313 509 3365 dotus
525 3322 561 3365 ert
577 3313 613 3364 od
630 3315 815 3364 coniunctiones
831 3312 892 3364 solis
908 3328 942 3363 oc
957 3312 1045 3375 lonae,
1065 3312 1199 3364 secundem
1214 3313 1322 3364 medium
1338 3320 1426 3364 ιιιιιιι
1440 3313 1545 3365 dhre·
1559 3312 1589 3361 ri·

433 3399 532 3462 derum,
550 3416 598 3449 noir
615 3395 704 3450 latire
720 3400 819 3449 ratione
830 3400 885 3448 ueri
896 3398 1030 3449 eorundem
1040 3397 1102 3459 loci,
1120 3398 1249 3466 quodiam
1260 3398 1417 3450 ostendimus.
1450 3396 1589 3467 Propterea

433 3482 487 3533 dier
499 3492 579 3535 certos
586 3484 784 3550 praefinierunt,
797 3480 885 3548 quidus
895 3484 1039 3532 neomeniae
1050 3482 1198 3548 defipererm
1209 3483 1310 3534 etudine
1320 3483 1453 3544 reticulos,
1466 3491 1496 3533 st
1505 3501 1539 3535 eo
1549 3499 1589 3532 rc·

433 3568 498 3617 tione
508 3582 595 3617 ceram
607 3568 804 3617 coniunctionem
816 3567 917 3632 aueqsr'
923 3574 1033 3633 possent.
1057 3562 1231 3627 Quamobrem
1241 3582 1302 3619 cnm
1313 3582 1347 3619 ex
1358 3566 1540 3621 obscnedone
1551 3567 1589 3629 τῆς

433 3648 528 3719 φάσεως
549 3654 576 3701 ιι
592 3649 646 3701 reri
666 3654 753 3701 motus
770 3648 911 3701 ratiociniis
928 3653 989 3700 unte
1006 3654 1033 3701 ιι
1048 3654 1109 3719 post
1123 3648 1218 3703 Christi
1233 3651 1384 3721 persium
1400 3652 1500 3721 eliqnot
1516 3650 1589 3705 ennis

431 3732 582 3785 neomenias
593 3731 746 3795 indixerint,
758 3738 789 3785 ut
798 3730 867 3784 idem
879 3737 953 3785 sutor
964 3738 1005 3786 est
1015 3734 1115 3799 liores,
1127 3750 1288 3805 consequens
1297 3741 1338 3791 est
1345 3736 1392 3790 din
1398 3742 1491 3808 postet
1500 3752 1588 3808 super·

431 3818 564 3870 olitionem
574 3817 647 3870 illum
657 3815 839 3869 mnoducorn.

497 3902 594 3955 Verum
605 3902 667 3971 quio
678 3918 711 3955 ex
723 3900 861 3971 Epiphanii
872 3903 1033 3974 aliorumque
1044 3904 1259 3973 grnrmsimorum
1270 3906 1451 3977 theologorum
1460 3908 1587 3962 sententie

431 3986 547 4041 Christus
564 3987 645 4057 pridie
663 3988 719 4041 elus
737 3986 798 4051 diei,
817 4003 868 4056 quo
886 3986 992 4041 Scribee
1008 3994 1035 4042 ct
1047 3987 1180 4044 Pharisaei
1193 3990 1292 4062 pasche
1306 3992 1481 4058 celebrarunt,
1497 3994 1586 4047 ultimo

430 4072 552 4144 paschate
564 4088 595 4125 ao
611 4074 762 4127 solennibus
779 4072 924 4125 cerimoniis
940 4072 1045 4127 iunctus
1061 4082 1114 4141 est,
1130 4076 1245 4129 ineundo
1259 4077 1402 4147 probabilis
1417 4077 1507 4147 ulique
1522 4079 1586 4131 ratio

431 4164 483 4223 oct,
495 4162 598 4229 proptor
610 4174 688 4227 quom
700 4158 788 4211 ludnei
798 4156 896 4229 pasche
907 4174 923 4211 ι
933 4158 1051 4228 legitimo
1062 4160 1105 4213 die
1114 4161 1142 4213 in
1154 4170 1306 4231 sequentem
1316 4163 1479 4217 contulerint.
1501 4163 1550 4217 list
1559 4178 1587 4215 ιι

429 4260 503 4309 vero,
513 4244 565 4297 nisi
575 4242 660 4306 tollor,
672 4241 741 4296 hund
753 4243 877 4311 absurdo,
890 4243 963 4297 cuius
975 4260 1010 4297 ex
1020 4244 1198 4299 Rtbbinorunr
1209 4248 1400 4301 commentatis
1411 4248 1585 4301 coniecturum

430 4330 553 4400 cepimus.

497 4414 619 4469 Scribunt
634 4413 683 4477 illi,
694 4413 811 4483 interque
820 4418 936 4467 coeteros
946 4414 978 4470 lt.
986 4416 1075 4469 Moses
1086 4416 1114 4469 iu
1124 4418 1169 4471 illo
1177 4417 1300 4471 Trwtntu
1311 4433 1388 4487 quem
1400 4433 1479 4488 coepe
1488 4436 1584 4473 memo·

429 4501 496 4565 ruri,
508 4498 641 4553 differendi
651 4498 728 4569 primi
740 4501 837 4553 mensis
849 4515 878 4553 sc
888 4498 1018 4570 puniretis
1029 4516 1136 4555 meses
1148 4503 1211 4556 olim
1221 4503 1339 4556 sxtidsse
1349 4504 1508 4575 complures;
1520 4520 1583 4573 qnss

430 4590 506 4637 nutes
516 4585 723 4654 perstrinximus.
747 4582 781 4637 Ut
791 4602 851 4639 cum
862 4585 952 4655 fruges
963 4586 1118 4639 orborumre
1129 4587 1227 4641 ιιιιιιιι
1238 4588 1355 4642 nondum
1365 4588 1461 4642 moturi
1469 4588 1583 4642 rideren-

430 4673 479 4731 tur,
491 4670 513 4721 si
524 4669 659 4740 interrupti
669 4674 760 4739 pontes
772 4674 871 4734 oseem,
882 4668 1034 4725 iornecesre
1044 4670 1156 4737 omne,
1167 4688 1197 4726 so
1208 4674 1309 4744 relique
1318 4674 1345 4727 id
1355 4689 1453 4743 genus,
1465 4688 1533 4743 quse
1542 4692 1583 4729 so·

429 4752 579 4807 lennitstem
590 4752 750 4824 impedirent.
772 4754 810 4807 De
823 4754 917 4825 quibus
928 4772 1068 4809 consessus
1078 4756 1161 4824 illius,
1177 4774 1256 4829 quem
1270 4764 1319 4851 Γπ
1335 4766 1424 4819 ΓΜ
1439 4761 1582 4823 nominent,

429 4836 559 4891 decretum
567 4844 623 4891 eret
631 4838 826 4910 expectendum.
843 4840 883 4893 Ite
890 4840 1113 4901 debetutinoerts
1120 4858 1162 4898 res
1170 4843 1311 4899 edmodnuc
1319 4844 1475 4914 usetprlmi
1485 4847 1582 4900 menois
