3650 5642
1306 618 1389 674 om

224 769 326 839 quodie
338 770 445 825 mensis
456 776 526 825 totns
538 770 591 825 iere
603 770 799 825 solennitatibus
812 775 959 841 occupatur.
987 770 1056 825 Nam
1066 771 1089 823 ai
1100 771 1169 825 Tiari
1177 772 1206 825 in
1216 771 1308 826 feriam
1318 790 1337 826 1.
1349 773 1388 826 in·

223 856 301 919 cidat,
318 856 531 926 decimaquinta
542 856 583 909 dle
595 857 644 909 erit
653 856 820 926 scenopegia,
837 856 957 926 proxime
972 864 1032 925 post
1041 856 1188 909 sabbatum.
1214 856 1244 909 Si
1255 858 1282 911 in
1293 876 1337 922 rn,
1346 858 1389 911 de·

224 942 288 993 rima
298 939 373 1005 dise,
391 956 460 1011 quas
472 940 570 995 iustum
582 946 623 993 eat
632 940 782 1012 Kippurim,
798 942 826 994 in
843 959 878 995 vr.
890 940 983 993 fariam
997 942 1119 997 incurret
1153 940 1183 995 Si
1193 942 1221 995 in
1232 959 1268 996 vr.
1279 942 1389 1012 denique

224 1025 357 1091 ceciderit,
377 1025 538 1097 scenopegia
553 1044 587 1081 vr.
600 1025 665 1079 ieris
676 1026 795 1096 proxime
807 1030 867 1079 ante
878 1025 1017 1079 sabbatum
1029 1027 1169 1095 confinget
1204 1026 1234 1080 In
1245 1027 1327 1081 Niaan
1337 1028 1390 1081 alia

224 1125 313 1163 caussa
325 1118 371 1163 est
383 1126 465 1180 quam
477 1110 586 1163 duorum
597 1110 767 1164 sabbatorum
778 1110 947 1165 continuatio.
967 1109 1035 1163 Nam
1046 1115 1074 1163 et
1083 1126 1115 1163 ea
1125 1110 1233 1165 devitari
1242 1110 1324 1166 nihilo
1334 1128 1389 1165 ma·

224 1196 261 1263 gis
271 1197 383 1265 poterit
409 1194 445 1249 Ut
455 1212 515 1249 cum
526 1196 664 1249 neomenia
674 1195 756 1251 Nisan
768 1194 858 1264 incipit
868 1211 885 1248 a
894 1194 960 1249 terta
970 1212 1000 1260 n,
1016 1211 1082 1264 quae
1092 1196 1211 1265 legitima
1222 1202 1274 1262 sat,
1290 1196 1390 1249 decima

225 1286 313 1349 quarta
325 1280 371 1334 die
385 1280 525 1335 sabbatum
537 1286 588 1345 est,
600 1286 626 1333 et
637 1281 757 1350 aequanti
767 1281 873 1334 solenne
885 1296 1046 1349 azymorum.
1071 1278 1178 1335 Caetera
1189 1298 1249 1335 cnm
1260 1282 1329 1352 apud
1339 1282 1390 1337 ile·

225 1364 327 1430 braaoa,
339 1374 402 1419 tum
414 1382 450 1419 ax
461 1365 560 1419 Latinis
572 1364 640 1436 apud
650 1364 760 1419 Paulum
771 1364 969 1436 Foroaempron.
979 1365 1025 1419 lib.
1033 1382 1090 1419 nrm
1101 1372 1167 1435 part.
1174 1384 1217 1431 rx,
1227 1368 1391 1421 liunsterum

225 1448 386 1515 iuKalsnd,
397 1467 448 1505 nec
459 1467 512 1504 non
524 1455 551 1503 st
562 1449 657 1521 Soalig.
669 1450 714 1503 lib.
723 1468 752 1505 rr.
764 1456 790 1503 et
801 1468 847 1505 ru.
859 1450 891 1503 de
901 1449 1009 1504 Emend.
1021 1450 1110 1521 Tamp.
1121 1452 1175 1521 legi
1184 1457 1318 1521 potarunt,
1333 1452 1391 1523 qai·

225 1535 269 1587 bus
278 1535 380 1589 merito
391 1534 600 1606 supersedemus.

287 1619 367 1673 Nunc
386 1620 452 1675 illud
464 1621 490 1673 in
502 1620 709 1691 disquisitionem
721 1626 833 1685 rocatur,
850 1620 962 1675 fueritne
979 1621 1073 1691 priscis
1088 1627 1215 1692 usurpata
1230 1624 1390 1693 temporibus

225 1704 320 1758 dierum
333 1722 369 1759 ao
382 1705 507 1759 larinum
518 1706 564 1759 illa
575 1705 719 1770 distinctim
736 1704 800 1759 adeo
817 1710 848 1758 ut
862 1722 915 1776 quo
931 1722 1001 1759 auno
1017 1722 1111 1777 passus
1123 1713 1164 1760 ast
1175 1706 1291 1761 (lhriatua
1302 1707 1391 1761 Iudaei

226 1805 254 1841 cx
266 1790 434 1861 praescripta
444 1789 557 1843 formula
566 1788 663 1861 pascha
676 1791 863 1845 transtulerint
890 1791 1109 1861 Antiquissimum
1119 1790 1188 1847 hunc
1198 1809 1297 1846 morem
1308 1792 1391 1847 inisse

226 1881 248 1924 et
258 1881 318 1929 ants
328 1874 529 1930 Seleucidarum
540 1880 658 1945 tempora
667 1885 799 1947 receptum
810 1875 926 1929 deiendit
934 1875 1059 1946 Scaliger,
1075 1884 1102 1931 at
1112 1894 1158 1931 cur
1167 1878 1195 1931 id
1205 1878 1234 1931 in
1242 1878 1310 1931 Tisri
1317 1894 1391 1947 prae·

228 1960 310 2014 sertim
323 1961 555 2025 observaturum,
572 1976 692 2015 cansam
708 1976 765 2015 esse
781 1966 867 2032 putat,
883 1962 1010 2031 quoniam
1023 1977 1103 2033 aegre
1119 1968 1206 2017 coctos
1223 1963 1296 2016 cibos
1311 1963 1391 2017 biduo

228 2060 324 2099 savara
342 2051 456 2116 possem
472 2046 500 2099 iu
516 2046 568 2099 illis
585 2046 753 2115 regionibus,
774 2062 841 2116 quas
862 2052 988 2100 autumno
1003 2047 1207 2101 ferventissimae
1224 2064 1282 2101 ease
1299 2049 1392 2102 solent.

229 2126 294 2191 Quae
304 2132 378 2185 ratio
390 2130 469 2187 tacite
479 2130 506 2183 id
517 2132 598 2185 sumit
609 2130 679 2201 quod
690 2131 741 2184 ulio
753 2131 811 2185 loco
823 2130 964 2185 refutatum
975 2138 1028 2196 eat,
1042 2132 1122 2185 nullia
1137 2133 1243 2186 omnino
1254 2132 1328 2187 isatis
1339 2132 1392 2187 die·

231 2214 272 2265 bus
283 2216 388 2269 cibaira
399 2232 509 2285 coquere
521 2215 623 2269 ludaeis
635 2215 675 2269 ias
687 2215 777 2269 inisse.
810 2216 866 2269 Hoc
877 2232 939 2271 sero
956 2216 988 2269 de
1002 2218 1066 2270 solia
1081 2218 1198 2271 sabbatis
1209 2222 1267 2282 aut,
1282 2218 1306 2271 ai
1316 2218 1391 2283 iuria,
1416 2230 1437 2271 a
1447 2221 1490 2262 1⁸¹·

231 2296 361 2369 iippurim
373 2301 455 2354 etiam
466 2300 507 2353 dia
518 2306 685 2371 praecaptum
696 2301 724 2353 iu
733 2300 793 2371 lage
803 2302 882 2355 ueteri
892 2301 1138 2366 demonstravimus,
1149 2303 1178 2355 in
1188 2303 1295 2371 reliquia
1306 2304 1390 2357 solen·

232 2384 299 2437 nibus
311 2386 438 2439 senilem
450 2402 554 2455 operam
564 2386 691 2439 duntaxat
699 2392 848 2456 exceptam,
860 2391 966 2456 atquae
974 2386 1114 2441 addetum
1122 2387 1390 2457 attinentlioiteprae·

233 2484 339 2537 parasse.
376 2470 429 2523 Sed
444 2469 612 2525 nihilominus
626 2470 824 2525 translationem
836 2470 1029 2525 characteriami
1038 2472 1107 2525 Tiari
1122 2472 1172 2525 sub
1187 2471 1330 2525 Seleucidis
1345 2474 1391 2526 ob·

233 2562 355 2609 emtam
372 2557 467 2626 probat
483 2556 529 2609 lib.
541 2574 583 2621 sn,
599 2556 645 2609 ubi
661 2555 693 2609 de
708 2554 813 2626 periodo
831 2554 985 2609 ludaeorum
1002 2556 1165 2609 Alexandrea
1179 2557 1294 2623 disserit,
1313 2558 1391 2627 idque

234 2638 326 2709 aliquot
336 2640 467 2711 exemplis
479 2640 624 2697 confirmat.
648 2641 724 2695 Velut
736 2640 806 2711 quod
817 2656 886 2693 anuo
898 2640 1042 2693 dominicae
1054 2642 1182 2711 passionis
1195 2642 1275 2707 Tiari,
1291 2658 1351 2695 cum
1362 2644 1391 2695 in

236 2740 297 2777 rans.
310 2724 383 2797 Sept
399 2725 465 2779 ieris
475 2725 501 2779 t.
516 2726 660 2791 incidisset,
676 2726 704 2779 in
716 2726 834 2795 quintam
846 2726 1000 2779 translatum
1012 2732 1063 2791 sat,
1077 2732 1214 2796 propterea
1230 2727 1300 2797 qaod
1310 2726 1391 2781 Niaau

237 2806 257 2859 iu
268 2810 420 2875 abbatum,
436 2810 486 2863 hoc
501 2816 542 2865 est
558 2826 574 2864 a
585 2828 620 2864 rr.
632 2810 697 2865 ieris
712 2810 739 2863 in
752 2828 798 2865 rur.
811 2810 951 2863 transierit
973 2809 1040 2864 Nam
1052 2818 1109 2863 erat
1118 2826 1203 2864 annua
1213 2812 1391 2867 Alexandrsua

237 2891 300 2959 itt,
315 2904 344 2949 et
358 2895 467 2966 proinde
480 2912 522 2951 xa.
534 2896 633 2967 periodi
644 2914 668 2949 ν.
704 2895 748 2949 Sic
763 2912 832 2949 anno
849 2894 945 2949 Christi
955 2913 1016 2950 axx.
1031 2898 1168 2951 neomenia
1183 2896 1266 2951 Niaan
1280 2914 1341 2952 cum
1356 2914 1391 2951 ax

237 2976 392 3034 Alexandrus
410 2980 482 3051 cyclo
499 2980 526 3034 in
542 2975 633 3034 ieriam
645 2999 690 3036 ru.
706 2982 868 3045 conveniret,
885 2978 911 3033 iu
924 2999 942 3035 ι.
954 2980 1080 3034 translata
1094 2987 1141 3035 eat
1175 2980 1244 3053 Ergo
1260 2988 1286 3035 et
1296 2982 1391 3037 Tiaris

237 3062 293 3116 laria
303 3082 338 3117 rr.
349 3066 377 3119 in
390 3084 415 3121 ν,
427 3082 496 3119 anno
508 3066 679 3119 embolimaeo
692 3065 828 3120 deiectiro.
866 3064 941 3128 Quod
956 3072 1043 3119 autem
1059 3064 1141 3120 Niaau
1155 3066 1221 3121 ieris
1235 3069 1319 3137 prima
1333 3084 1390 3122 coc·

239 3150 295 3215 perit
305 3167 338 3203 ex
351 3168 383 3205 ao
396 3152 496 3221 colligit
506 3150 576 3221 quod
588 3149 712 3221 loacphus
725 3150 853 3203 decimam
865 3154 984 3219 quartsrn
995 3149 1076 3203 Niara
1088 3152 1241 3205 convenisse
1252 3152 1320 3205 dicat
1331 3169 1391 3205 oum

239 3248 283 3287 nv.
295 3236 395 3289 mensis
406 3236 508 3289 Iuliani.
533 3236 595 3289 Erat
609 3250 694 3288 annus
710 3236 809 3305 primus
821 3252 856 3287 vr.
868 3234 968 3304 periodi
982 3240 1173 3300 contractuum,
1189 3236 1257 3291 'lieri
1272 3237 1391 3308 r1.Sept.

239 3316 295 3371 icrla
304 3338 354 3391 tn,
365 3321 440 3391 cyclo
451 3320 514 3375 solis
526 3338 591 3375 xxrr.
623 3320 760 3374 Translata
770 3320 858 3389 itaque
870 3319 1008 3373 neomenia
1017 3319 1046 3371 in
1057 3337 1081 3372 ν.
1092 3319 1197 3385 fariam,
1214 3328 1241 3374 et
1254 3327 1392 3391 propterea

240 3400 311 3457 Nisan
322 3422 338 3458 a
349 3422 397 3459 νιν.
408 3407 436 3459 iu
448 3424 481 3471 n,
493 3422 559 3477 quae
570 3405 626 3459 Kal.
636 3406 695 3475 Apr.
709 3405 843 3469 conuenit,
855 3404 930 3473 cyclo
941 3404 1003 3457 solia
1015 3421 1092 3459 xxm.
1103 3404 1236 3459 traductus
1248 3411 1296 3459 eat

298 3490 394 3545 Varum
405 3492 433 3545 in
445 3496 553 3561 unaque
565 3490 782 3545 demonstratione
794 3491 836 3543 sui
846 3490 939 3543 nmilia
950 3496 992 3543 ast
1001 3488 1127 3557 Scaliger,
1143 3496 1171 3542 st
1183 3490 1217 3543 ad
1227 3490 1254 3544 id
1264 3492 1335 3561 quod
1345 3493 1391 3546 du-

242 3572 303 3627 bium
313 3582 355 3631 eat
364 3576 562 3647 approbandum
573 3576 653 3629 dubia
662 3578 748 3646 magis
760 3573 836 3629 affert
847 3581 874 3628 at
883 3575 990 3630 incerta.
1014 3573 1077 3638 Quia
1089 3575 1159 3629 enim
1169 3574 1219 3629 hoc
1230 3577 1343 3646 primum
1353 3579 1393 3632 illi

241 3662 400 3727 comessarit,
415 3676 514 3715 annum
529 3676 586 3715 esee
602 3661 730 3731 passionis
745 3662 833 3725 illum,
851 3676 930 3731 quam
944 3660 1001 3730 ipae
1015 3661 1117 3726 statuit,
1133 3660 1262 3715 Iulianum
1273 3680 1391 3731 nxxvru,

242 3758 306 3797 teras
316 3746 493 3816 Dionysianae
505 3752 617 3802 anxani
640 3745 708 3810 Quid
719 3747 743 3799 ai
753 3752 885 3817 praeterea
896 3760 931 3799 ua
941 3746 1132 3800 Alexandream
1143 3746 1248 3817 qnidam
1258 3748 1337 3802 istam
1347 3766 1392 3819 pa-

241 3828 333 3885 riodum
344 3831 433 3885 ludaei
444 3846 561 3903 unquam
572 3832 687 3902 amplexi
698 3831 767 3885 siuti
782 3830 809 3884 id
826 3830 894 3901 quod
906 3836 983 3884 antea
994 3830 1173 3886 diaomsimna.
1209 3831 1294 3896 Quare
1303 3834 1346 3887 rel
1356 3836 1392 3888 la·

243 3913 510 3971 numantinorum
525 3916 711 3971 demonstrabo
727 3916 905 3986 Scaligariana
918 3916 1071 3969 convellitur
1085 3932 1171 3986 usque
1184 3917 1288 3987 proiicit
1301 3918 1390 3974 hilum.

243 3994 322 4069 Neque
333 4018 393 4055 raro
406 4001 511 4055 solidior
523 4016 553 4056 ac
563 4001 663 4055 firmior
674 4006 714 4055 sat
725 4002 820 4066 altars,
837 4016 885 4053 neo
901 4001 989 4055 minua
1004 4000 1079 4053 ialaia
1089 4007 1117 4054 et
1126 4002 1244 4056 obscuris
1254 4006 1392 4074 postulatis

244 4082 359 4141 butam
375 4086 444 4141 llam
452 4083 668 4158 quodloaephnm
677 4086 712 4139 sit
721 4084 861 4139 xrnllisau
869 4100 930 4139 cum
937 4086 1034 4156 Aprilis
1044 4103 1099 4139 xrr.
1111 4100 1180 4140 anuo
1192 4088 1286 4141 excidii
1293 4088 1393 4143 Iudaici

244 4170 404 4242 coniungere,
414 4188 551 4242 uunquam
561 4171 587 4225 id
598 4169 722 4241 Iosephus
734 4170 813 4236 dixit,
824 4170 870 4223 aad
881 4184 1031 4240 azymorum
1042 4168 1112 4223 dlam
1122 4188 1177 4224 xrx.
1184 4172 1310 4227 Xanthioi
1319 4188 1392 4226 ruen-

246 4253 274 4305 ais
288 4257 409 4311 accidiam
426 4256 501 4310 docet
517 4257 562 4312 lib.
572 4274 597 4309 ν.
609 4255 641 4309 de
653 4255 716 4311 lixo.
729 4270 786 4325 cap.
796 4272 844 4311 xus
863 4254 903 4307 aul
920 4257 963 4321 τῆς
978 4256 1029 4305 τῶν
1040 4252 1153 4325 ’titane
1168 4253 1285 4322 ἐνστάσης
1300 4254 1391 4326 ἡμέρας

246 4339 477 4413 tsmamcautbrahrq
489 4341 610 4393 Ξανθικοῦ
623 4338 712 4411 μηνὸς,
728 4337 752 4391 ἐν
766 4332 781 4410 ᾗ
794 4340 907 4393 δοκοῦσιν
919 4337 1034 4390 Ἰουδαῖοι
1050 4339 1092 4391 aba
1110 4343 1208 4411 πρῶτον
1220 4340 1393 4408 ἀπαλλαγῆναι
1430 4350 1436 4355 ”

246 4424 318 4493 aaqbe
328 4424 476 4497 Αἰγυπτίων.
511 4425 672 4480 Xautbioum
686 4424 736 4479 hoc
751 4425 809 4479 loco
820 4424 951 4477 lulianum
959 4424 1076 4493 Aprilem
1090 4438 1149 4479 aare
1159 4426 1258 4479 divinat
1268 4424 1391 4495 Scaliger,

248 4511 310 4575 quasi
324 4518 449 4582 perpetuo
460 4510 643 4565 Mmedouioas
659 4510 717 4563 illas
733 4510 863 4565 mendum
879 4508 1066 4579 appellationes
1080 4510 1188 4565 tramis
1203 4510 1337 4563 mensibus
1352 4510 1392 4564 in·

247 4590 340 4661 blant,
352 4596 421 4667 qnod
433 4602 474 4650 ast
481 4596 660 4651 iahissimum
692 4594 760 4649 Nam
769 4594 918 4649 Xanthiam
929 4607 1116 4664 saepenumero
1127 4596 1195 4649 idem
1206 4600 1248 4647 eat
1256 4610 1288 4647 ac
1298 4593 1391 4661 lliaanr

249 4684 271 4727 il
280 4678 320 4735 lib.
328 4700 369 4737 m.
382 4681 453 4751 Orig.
465 4696 520 4752 cap.
531 4700 568 4737 x.:
581 4687 618 4753 τῷ
630 4681 657 4734 tt
670 4680 726 4751 μηνὶ
738 4684 775 4750 τῷ
787 4679 915 4751 Ξανθικῷ,
931 4677 959 4739 tc
970 4677 1061 4731 Naouds
1073 4678 1131 4749 παρ’
1143 4678 1201 4749 ἡμῖν
1212 4677 1334 4750 acturas,
1351 4681 1392 4735 καὶ

249 4767 284 4813 :ci
292 4760 357 4826 icccc
365 4764 427 4821 duria
434 4765 507 4836 ἁρχὴ,
516 4764 758 4839 τιοσαρνςκαιδικάτῃ
765 4764 828 4819 auria
834 4764 944 4833 celsium,
954 4762 978 4817 ds
987 4767 1049 4835 κριῷ
1055 4762 1175 4830 scibiles
1180 4763 1332 4827 κθωτῶτνς
1340 4772 1390 4822 ata,

250 4848 334 4913 pucha
343 4852 467 4905 celebrari
477 4852 578 4919 aeribit3
590 4852 659 4925 quod
670 4858 698 4908 et
708 4866 765 4923 cap.
777 4868 813 4907 rx.
826 4851 858 4905 ds
869 4866 959 4905 manaa
970 4849 1079 4905 dixerat.

291 4952 352 5005 corp.
360 4953 484 4997 Κυνικοὶ.
492 4954 530 4997 iil.
1167 4949 1188 5003 L
