3650 5642
433 579 523 640 0010

432 735 527 808 triplici
537 734 712 790 Anttomsnae
726 734 850 789 ecclesiae
864 735 975 790 divortio
991 735 1096 790 eosdem
1106 751 1194 792 rerum
1205 735 1438 792 ecclesiasticarum
1449 734 1584 806 scriptores

432 823 560 876 consules.

401 944 407 957 .
499 907 530 961 N.
542 925 621 960 xxxv.
646 904 714 972 utto
725 902 750 957 lv
762 903 795 958 eo
807 905 893 976 μέρει]
927 905 985 960 Non
997 911 1133 976 propterea
1144 906 1305 960 damnandus
1319 913 1360 960 est
1370 906 1506 970 uersum,
1524 903 1586 974 quod

432 993 519 1046 locum
530 993 605 1046 illum
617 1008 651 1044 ex
662 990 784 1044 Proverh.
796 1007 852 1061 cap.
862 1010 917 1046 sm.
930 988 944 1042 ὁ
957 989 1009 1050 tric
1022 987 1101 1044 isreel
1116 1009 1146 1061 μι
1162 999 1219 1056 etc,
1236 991 1268 1045 de
1284 991 1399 1046 increata
1416 991 1547 1061 sapientia
1561 1005 1588 1040 sc

432 1077 474 1131 dei
485 1078 564 1130 verbo
575 1076 854 1146 interpretatusioerit.
887 1077 943 1130 Hoc
960 1076 1029 1130 euim
1045 1077 1162 1146 plerique
1178 1083 1265 1146 patrea
1281 1077 1410 1141 lecerunt,
1427 1085 1458 1130 nt
1474 1075 1589 1143 ignatim

431 1163 530 1231 Martyr
541 1162 624 1233 Epist.
635 1161 669 1214 ad
681 1161 767 1226 arari,
780 1161 905 1216 athanas.
918 1161 950 1214 de
961 1161 1078 1214 Decretis
1089 1161 1220 1216 Nicaenae
1230 1161 1329 1230 Synodi
1341 1167 1369 1214 et
1378 1162 1425 1216 alii
1436 1161 1589 1230 complures

498 1247 529 1304 N.
541 1265 642 1302 marr.
658 1243 701 1306 Ἐξ
713 1245 794 1298 αὐτῶν
806 1245 853 1315 γὰρ
866 1244 994 1313 Bituitus]
1020 1245 1194 1300 Caesariensis
1205 1247 1255 1300 iste
1267 1243 1321 1298 κατ’
1333 1244 1521 1312 &redamatio
1533 1245 1590 1298 diri·

430 1339 480 1397 tur,
492 1339 522 1385 ot
533 1333 566 1385 ab
575 1333 656 1385 altero
665 1331 833 1394 discernatur,
845 1331 960 1400 quicum
972 1330 1096 1384 diaconus
1105 1331 1294 1384 Alexandrinae
1305 1335 1376 1384 esset
1386 1331 1523 1394 ecclesiae,
1533 1345 1590 1382 cun

431 1419 493 1470 Ario
509 1419 601 1488 pulsus
617 1423 710 1488 postea
721 1414 908 1469 Antiochenam
925 1415 1013 1469 sedem
1032 1417 1151 1470 obtinuit.
1179 1417 1213 1470 At
1230 1415 1406 1470 Caesariensis
1422 1416 1521 1470 acacio
1537 1429 1591 1466 snc-

431 1503 525 1556 cedens
536 1518 713 1556 successorem
724 1501 780 1571 ipae
793 1501 927 1554 Gelasium
939 1499 1037 1566 habuit,
1048 1506 1079 1554 ut
1088 1501 1192 1554 Hieron.
1203 1501 1248 1556 lib.
1260 1501 1291 1554 ds
1302 1499 1396 1571 Scriph
1406 1501 1508 1554 Eccles.
1518 1505 1591 1552 uers-

431 1593 481 1642 tur.
504 1587 561 1652 Quo
573 1588 602 1641 in
617 1587 683 1640 libro
698 1586 788 1639 Euzoii
802 1587 910 1656 insuper
925 1586 1000 1640 istius
1017 1585 1135 1640 merainit
1152 1602 1264 1655 eumque
1280 1586 1371 1640 scribit
1386 1601 1447 1640 curn
1464 1585 1589 1654 Gregorio

430 1672 586 1726 Nazanaeno
598 1670 734 1742 'l'heapesii
743 1670 853 1726 rhetoris
864 1671 1008 1724 auditorem
1021 1670 1163 1724 Caesareae
1174 1671 1262 1724 tuisse.
1286 1669 1365 1724 Cuius
1376 1671 1449 1726 urbis
1457 1671 1590 1742 episcopa·

355 1755 358 1760 ’
430 1764 488 1812 tum
509 1758 618 1829 adeptus
635 1758 747 1826 plurimo
769 1757 857 1810 lohere
873 1767 1020 1826 cornrptom
1038 1755 1213 1808 bibliothecam
1233 1757 1352 1824 Oripem'a
1372 1767 1395 1810 el
1412 1755 1548 1827 Pupius
1565 1759 1588 1806 r'a

431 1845 583 1896 membranis
593 1846 740 1894 tannerore
754 1851 862 1894 coaetos
877 1851 926 1906 eat,
945 1843 982 1894 od
996 1849 1128 1894 eetremum
1145 1841 1189 1894 sub
1206 1840 1341 1894 Theodosio
1349 1846 1470 1911 prs'ecrpe
1483 1842 1588 1894 cedens

429 1931 518 1999 pulsus
528 1937 572 1983 eat.

498 2011 651 2066 Rasum.
670 2011 721 2064 Τοῦ
733 2009 780 2064 irr'o
793 2010 917 2082 Γεωργίον
929 2014 973 2062 τοῦ
985 2009 1184 2081 Ἀλεξανδρίινς.]
1206 2009 1326 2064 Socrates
1336 2011 1383 2066 lib.
1392 2028 1419 2066 ιι.
1432 2027 1489 2082 cap.
1499 2025 1587 2066 urm.

431 2104 458 2152 et
469 2097 572 2152 Sosom.
585 2097 630 2150 lib.
642 2115 677 2150 ιν.
690 2113 747 2167 cap.
759 2115 796 2151 ιι.
813 2097 919 2150 litium
935 2097 1053 2150 scribunt
1069 2111 1086 2148 a
1102 2095 1211 2150 Leontio
1227 2097 1324 2150 evirato
1336 2095 1489 2152 Antiochiae
1505 2095 1587 2148 diaeo

430 2199 494 2238 unm
506 2182 667 2248 ordinatum,
680 2181 749 2254 qnod
761 2187 787 2234 et
797 2180 892 2235 Snidas
904 2197 934 2234 ac
947 2180 1106 2252 Nicephorns
1118 2180 1244 2252 sequitur.

619 2371 665 2426 ΔΙ)
681 2369 856 2426 manaem
871 2369 998 2434 anxir„
1015 2367 1401 2424 Puannarorrscnonirri

498 2483 536 2536 De
552 2480 793 2535 Pneumatomachis
816 2497 958 2550 eorumque
978 2479 1092 2552 principe
1112 2479 1264 2534 Macedonio
1282 2480 1338 2550 egit
1354 2479 1474 2534 Socrates
1498 2479 1543 2533 lih.
1557 2493 1582 2531 ru

431 2583 488 2638 cap.
498 2583 578 2620 xxxv.
590 2565 693 2620 Soaom.
704 2565 749 2620 lib.
758 2585 794 2622 ιν.
806 2582 860 2638 cap.
870 2583 925 2620 ιιι.

703 2751 749 2806 AD
766 2751 939 2808 EAEEESIM
955 2751 1072 2818 Lxxv„
1090 2751 1319 2808 laniationem
1615 2827 1616 2871 p

497 2861 529 2918 N.
541 2881 559 2918 n
581 2861 663 2934 Ὅπερ
679 2861 998 2934 displicuerimus]
1021 2863 1085 2916 Vide
1102 2863 1248 2918 Naaanaeni
1265 2865 1412 2935 elegantem
1427 2865 1500 2918 illam
1517 2861 1580 2916 Orat·
1614 2905 1615 2948 p

431 2947 485 3020 napi
496 2947 674 3018 Φιλοπτωχὶας
686 2955 712 3002 et
722 2947 828 3002 Nicetes
839 2949 872 3002 ad
883 2965 942 3002 eam
954 2946 1079 3004 scholion.
1189 2960 1193 2968 '
1613 2973 1614 3023 ρ

497 3034 543 3086 Kal
554 3033 610 3096 τοὺς
619 3032 804 3104 transpone
815 3033 855 3086 ael
863 3031 1016 3102 ἀδυνάτους]
1031 3032 1135 3106 Proprie
1147 3030 1279 3096 ἀδυνάτους
1288 3035 1422 3106 appellant
1431 3035 1578 3090 canoris!-
1612 3061 1613 3099 l

429 3120 494 3175 vide
505 3120 734 3191 Harpocrationem
745 3125 772 3173 et
782 3119 889 3189 Lysiam
900 3119 971 3174 Orat
983 3117 1037 3189 περὶ
1048 3122 1092 3170 τοῦ
1104 3116 1246 3173 Ἀδιινάτον.
1611 3137 1612 3176 ι

496 3206 609 3276 Νομίσειε
621 3203 644 3258 δ’
657 3202 751 3276 dorm]
785 3205 824 3259 De
838 3203 972 3258 Enstatluio
985 3203 1127 3258 Sebasteno
1140 3203 1182 3256 adi
1193 3205 1578 3274 praetoreccleaiastiearnmre
1610 3221 1611 3249 ι

429 3310 488 3346 rum
499 3293 637 3362 scriptores
648 3290 776 3344 Basiliam
787 3290 868 3361 Epist
877 3305 975 3352 curn,
987 3293 1013 3342 et
1024 3289 1081 3342 aliis
1093 3288 1249 3358 quibusdam
1259 3291 1438 3360 sequentihus.
1468 3292 1540 3346 Eune
1550 3285 1578 3338 ab
1608 3307 1610 3362 ι

429 3379 511 3430 altero
527 3377 643 3430 eiusdem
658 3377 773 3430 nominis
788 3373 937 3438 Euslathio,
955 3374 1001 3443 qui
1017 3375 1044 3427 in
1057 3373 1203 3444 Gangrenai
1220 3375 1318 3444 synodo
1336 3375 1522 3431 condemnatus
1537 3377 1576 3430 erl
1607 3363 1609 3432 Ὗ

409 3462 560 3528 ι(ἰίνιιιιιιιι
577 3477 633 3515 esse
651 3462 743 3530 probat
759 3458 882 3513 adsersus
899 3458 1046 3524 Socratem,
1064 3458 1238 3514 Sosomennur
1255 3465 1282 3514 et
1302 3466 1429 3528 caetmos,
1449 3463 1479 3516 in
1494 3455 1576 3516 huual·

429 3545 558 3599 Batonius
570 3545 603 3598 ad
615 3561 638 3597 a
647 3544 705 3598 319.
1605 3581 1606 3628 p

496 3626 586 3692 Ἔδοξε
597 3628 624 3682 et
636 3629 676 3680 acl
687 3629 748 3698 πρὸς
760 3626 889 3699 Attinas]
906 3628 1088 3682 Macedoniani
1100 3629 1149 3684 snb
1158 3629 1266 3686 Valente
1277 3631 1432 3701 imperatore
1443 3633 1478 3686 ab
1486 3627 1576 3686 asnis

430 3715 547 3783 oppressi
557 3715 658 3782 legatos
670 3712 703 3764 ad
714 3713 846 3766 Liberium
857 3729 953 3784 papam
965 3713 1106 3779 destinant,
1122 3714 1286 3770 Eustassrium
1303 3715 1489 3782 Sebastenum,
1505 3715 1575 3768 Silse-

428 3815 492 3852 num
501 3799 655 3852 Tarsensem
666 3803 693 3850 et
704 3797 780 3863 alios,
791 3813 838 3868 per
849 3813 915 3867 qnos
927 3795 958 3858 εἰς
970 3799 999 3850 τὶν
1012 3796 1128 3870 ὁμούριον
1140 3801 1331 3854 consentientes
1342 3802 1440 3872 recepti
1450 3809 1517 3856 sunt
1532 3793 1574 3852 Set

429 3899 461 3934 es
477 3883 585 3936 consilia
599 3883 633 3936 ab
644 3881 762 3936 Eudoxio
778 3888 870 3953 postes
885 3883 1031 3938 disturbata
1045 3891 1114 3938 sunt
1137 3885 1201 3940 Vide
1218 3883 1352 3940 Socratem
1367 3886 1414 3940 lib.
1424 3905 1465 3944 m.
1481 3901 1535 3956 cap.
1545 3897 1574 3935 ιι.

428 3966 579 4022 Euststhins
590 3985 666 4038 porro
677 3967 773 4022 Liberii
786 3969 917 4038 pontificis
933 3969 1014 4022 literis
1030 3969 1111 4024 hctus
1128 3971 1155 4024 in
1167 3970 1311 4040 Tyranensi
1327 3971 1438 4026 concilio
1453 3973 1572 4027 momen

429 4057 476 4107 est
498 4051 612 4107 Basilius
623 4053 651 4107 in
661 4053 743 4125 Epist.
752 4071 836 4108 nun.
849 4058 876 4106 ot
886 4071 994 4110 nxxxrv.

495 4137 526 4191 N.
538 4155 577 4192 ιιι.
600 4136 647 4189 liei
664 4157 735 4209 φησι,
752 4138 776 4190 cl
792 4135 856 4189 ἔστιν
873 4136 1025 4208 ἐπίσκοπος]
1059 4140 1146 4194 Habea
1163 4140 1191 4194 irr
1204 4140 1324 4195 senasio
1341 4157 1493 4213 expressam
1508 4138 1571 4194 huin

429 4223 553 4295 temporis
563 4220 751 4276 haereticorum
761 4223 913 4292 imaginem
939 4222 1023 4288 Quare
1039 4240 1099 4278 cnm
1113 4224 1217 4278 illorum
1235 4225 1370 4296 dogmata,
1387 4228 1482 4297 quibos
1497 4239 1570 4280 receu-

429 4311 508 4364 tiores
520 4308 564 4362 isti
573 4309 775 4379 patrocinantur,
787 4308 894 4362 damnat
904 4324 935 4362 ac
944 4308 1038 4362 retollit
1046 4308 1216 4382 Epiphanius,
1228 4311 1334 4382 plenum
1345 4313 1481 4382 gravitatis
1491 4305 1569 4365 mori·

429 4397 541 4467 talisque
552 4392 675 4447 iudicium
686 4393 715 4446 iu
726 4393 832 4448 eosdem
842 4395 913 4465 ipsos
925 4393 1083 4464 pronuntiat.

330 4505 353 4546 p.
361 4495 405 4540 aaa,
498 4479 547 4546 Τὴν
559 4475 698 4548 οἰκονομίαν
709 4479 751 4544 τῆς
763 4477 897 4547 λατρείας]
919 4477 985 4542 Quid
997 4479 1032 4532 ait
1042 4479 1141 4534 dicetur
1152 4479 1185 4534 ad
1195 4480 1393 4552 Exposiliouenr
1404 4481 1484 4540 leder.

496 4563 527 4616 N.
539 4581 574 4618 ιν.
591 4561 636 4614 list
648 4559 685 4613 tn
697 4561 740 4632 pie
751 4560 888 4634 ἀφροσύνης
899 4560 983 4631 deria]
1002 4563 1150 4634 Disputarit
1160 4564 1191 4618 de
1203 4581 1235 4618 ee
1246 4566 1397 4636 quaestione
1408 4565 1566 4638 copiosissimo

429 4643 557 4701 Batonius
569 4646 602 4701 ad
613 4663 711 4702 aunum
722 4663 800 4713 nuru,
817 4648 863 4701 ubi
872 4647 1053 4702 difficillimum
1065 4665 1098 4703 ea
1109 4650 1259 4719 Hieronymi
1275 4651 1413 4704 autoritate
1426 4653 1517 4706 nodum
1527 4649 1565 4702 dia·

430 4731 520 4797 coint,
535 4733 580 4802 qui
592 4733 620 4786 in
630 4731 747 4803 Epistola
757 4749 855 4788 snae.
865 4733 900 4786 sd
909 4732 1052 4804 Evagrium
1062 4732 1127 4790 nihil
1137 4733 1200 4792 olim
1212 4736 1349 4808 episcopos
1358 4735 1428 4790 iuter
1438 4751 1470 4790 ee
1480 4735 1563 4808 presbr-

429 4819 498 4868 teroa
509 4815 591 4869 reuss
602 4816 757 4872 discrimnia
768 4816 913 4871 affirmasse
923 4818 1031 4874 ridetur.

481 5157 614 5220 A
