3650 5642
1276 596 1401 653 cunum

233 760 273 808 tot
283 755 414 809 ecclesius
425 754 579 809 sestboliea
589 754 773 809 communione
784 754 951 820 discinderet,
964 768 1023 808 cum
1032 758 1209 807 antecessores
1218 752 1328 807 Romani
1336 770 1400 823 pon·

235 840 319 893 titices
330 856 396 895 cunr
406 840 512 895 illorum
523 840 652 911 episcopis
662 854 754 911 pacm
765 840 980 909 concordiamque
989 840 1140 893 teuuhmnt.
1158 837 1225 891 Nam
1236 844 1262 890 ot
1270 838 1400 904 Anicetus,

234 924 302 989 Pius,
313 925 449 995 Hyginus,
460 924 634 995 Telesphorus
642 931 669 979 et
675 926 778 994 Xystus
787 923 843 977 οὔτι
854 923 924 976 adrol
933 922 1051 993 ἐτήρησαν
1060 924 1213 993 (Asiaticum
1221 924 1400 992 iudaicamqne

237 1011 476 1078 coumetndinoml,
486 1009 542 1061 οὔτι
547 1007 695 1080 μιιάὐτοὺς
703 1006 842 1079 dctrprsror.
854 1009 888 1062 Et
895 1006 1064 1062 nihilominus
1072 1009 1146 1063 aliter
1154 1008 1322 1062 sentientibus
1332 1024 1400 1060 com·

235 1096 391 1149 munionem
398 1096 590 1165 impertiebant
601 1094 805 1149 Hsscllueebius
814 1094 972 1148 exlrenaao:
983 1094 1076 1164 quibus
1083 1092 1254 1163 Scaligeriani
1263 1092 1402 1146 commenti

236 1178 336 1233 ialsitss
345 1180 489 1251 detegitur,
500 1196 553 1250 quo
561 1186 666 1233 centum
676 1185 736 1250 post
743 1181 876 1250 apostolos
884 1180 961 1233 anuis
970 1178 1106 1232 ecclesiam
1115 1178 1217 1231 ludaice
1227 1176 1324 1249 pascha
1331 1194 1401 1248 pere·

237 1264 304 1332 gine
316 1265 458 1319 confinxit.
476 1264 568 1336 Coepit
579 1266 649 1319 eninr
661 1265 752 1319 Sixtue
763 1265 869 1319 Traiani
879 1270 1008 1335 ternpore,
1021 1264 1089 1317 circa
1100 1279 1198 1316 annum
1210 1262 1305 1317 Christi
1314 1262 1405 1327 cxxx.,'

237 1366 286 1401 nou
296 1350 396 1420 ntique
407 1357 512 1404 centum
524 1350 601 1404 annis
611 1355 673 1421 post
683 1350 829 1421 apostolos,
846 1351 892 1420 qui
908 1356 996 1403 tsmen
1013 1364 1097 1419 neque
1114 1349 1170 1419 ipse
1183 1347 1286 1401 ludsice
1297 1348 1401 1401 iunctus

238 1442 287 1499 est,
302 1450 396 1507 neque
411 1451 577 1489 mcceesores
594 1452 656 1489 suos
673 1435 749 1505 iungi
764 1434 854 1489 voluit.
888 1434 967 1488 hddit
982 1433 1088 1505 quidem
1099 1434 1220 1487 Irenaeus
1231 1431 1402 1503 Polycarpum

238 1536 267 1571 es
275 1526 385 1574 mutue
394 1521 512 1575 uoluisse
523 1536 591 1591 quae
601 1538 619 1575 s
628 1520 726 1575 losnne
737 1526 764 1573 et
773 1519 882 1574 casuris
893 1520 1019 1590 apostolis
1031 1518 1163 1582 didicerat,
1174 1518 1330 1587 quibuscum
1342 1534 1401 1571 oon·

240 1612 367 1660 sueverat.
390 1606 488 1659 Verum
498 1606 677 1677 apostolorum
687 1606 793 1659 nomine
804 1622 850 1659 eos
861 1604 988 1675 appellst,
999 1604 1045 1675 qui
1056 1603 1175 1673 discipuli
1186 1602 1281 1656 Christi
1290 1603 1402 1669 fuerent,

239 1698 282 1741 aot
296 1691 333 1743 ab
350 1691 480 1761 apostolis
496 1690 598 1745 eruditi.
631 1690 700 1744 Nam
714 1706 775 1744 cum
790 1706 843 1744 uno
859 1690 988 1743 duntsxat
1003 1688 1121 1759 apostolo
1138 1688 1232 1741 losnne
1243 1672 1415 1759 Polycarpus'

240 1776 335 1829 vorari
350 1776 449 1845 potnit.
482 1774 588 1829 Petrum
600 1782 669 1829 certe
680 1775 842 1845 Paulumque
853 1790 938 1845 neque
949 1774 1035 1828 ridere
1050 1774 1147 1844 potuit,
1163 1790 1246 1843 neque
1263 1774 1402 1843 quicquam

242 1860 334 1913 abillis
345 1858 476 1913 traditum
486 1861 610 1929 accipere.
646 1858 820 1923 Qusmobrem
835 1866 865 1914 ut
874 1860 1012 1923 loannem,
1029 1864 1074 1913 sut
1087 1874 1185 1929 procos
1196 1859 1301 1929 insuper
1312 1874 1346 1911 ex
1357 1858 1402 1911 do·

242 1944 300 1997 mini
314 1944 456 2015 discipulis
471 1944 574 1999 ludaico
590 1944 688 2016 pssohs
702 1946 836 2016 peregisse
852 1944 1007 1999 coucedatur
1023 1945 1050 1997 in
1062 1945 1125 1997 Asis
1140 1948 1298 2015 tquanusm
1316 1942 1346 1995 de
1362 1942 1402 1997 Io·

245 2044 307 2083 aune
322 2036 409 2100 negat
422 2029 496 2083 istud
510 2030 538 2083 in
555 2030 894 2085 'l'seesrescsedscstitarum
912 2028 1014 2083 haeresi
1025 2028 1200 2083 Theodoretus
1217 2036 1243 2083 et
1259 2027 1401 2081 haereticos

243 2113 302 2167 istos
313 2130 455 2185 perperam
464 2115 536 2169 illius
546 2121 663 2169 mentem
674 2116 807 2185 accepisse
819 2115 916 2184 docet):
931 2114 977 2167 sed
989 2120 1018 2169 ut
1029 2114 1066 2168 ita
1076 2114 1198 2169 loannem
1210 2114 1295 2183 egisse
1307 2112 1403 2183 pascha

246 2214 291 2251 eoo
301 2198 460 2265 hiisdem,
471 2216 526 2253 non
536 2199 645 2255 dubium
655 2206 744 2253 tanuen
758 2205 811 2265 eet,
828 2200 891 2269 quin
908 2200 983 2252 aliter
1000 2200 1111 2270 spostoli
1128 2200 1222 2253 creteri
1235 2215 1265 2253 ac
1277 2198 1403 2269 discipuli,

246 2298 382 2355 eorumque
393 2284 526 2355 principes
536 2285 627 2339 Petrus
638 2301 670 2338 ιι
680 2284 778 2339 Psulus
789 2300 850 2337 cum
866 2284 1053 2338 celebraverint
1068 2284 1131 2354 ipsi,
1146 2289 1202 2337 tom
1220 2284 1402 2339 celebrandum

248 2366 360 2439 &inceps
372 2369 510 2424 edixerint.
541 2369 622 2424 Cuius
632 2370 670 2423 rei
681 2377 836 2441 argomento
848 2368 982 2441 estquod,
994 2374 1024 2423 nt
1035 2367 1220 2423 Constantinus
1231 2368 1259 2421 in
1270 2370 1402 2439 superiore

247 2452 350 2519 epistole
364 2462 393 2509 et
403 2454 534 2509 Eusebius
549 2455 628 2509 citato
643 2454 701 2509 loco
718 2462 878 2520 memorant,
895 2461 966 2509 totns
983 2470 1050 2526 pene
1060 2460 1186 2509 terrarum
1198 2454 1280 2517 orbis,
1296 2452 1345 2506 boc
1363 2462 1403 2507 est

247 2544 339 2603 praeto
346 2540 461 2593 Asianos
472 2546 498 2593 et
509 2556 608 2611 penem
619 2540 719 2611 aliquot
729 2541 874 2611 episcopos,
886 2538 1026 2594 catholicoe
1037 2555 1068 2593 ec
1079 2538 1212 2593 Romunm
1224 2538 1403 2593 consuetudini

249 2622 355 2680 struet.
391 2623 466 2679 Unde
476 2626 584 2696 planum
595 2632 636 2679 est
646 2625 768 2681 ecclesias
780 2626 856 2689 istas,
872 2642 950 2696 quem
967 2642 982 2677 a
998 2624 1135 2695 primaeui
1147 2623 1245 2694 origine
1258 2628 1284 2676 et
1294 2623 1328 2677 eb
1340 2640 1401 2694 apo·

249 2706 314 2759 stolis
323 2709 358 2763 iis
369 2710 494 2780 aquibus
506 2717 581 2765 ersnt
590 2708 714 2767 modstse
725 2711 804 2764 ritum
815 2718 982 2781 acceperunt,
994 2726 1053 2765 euru
1065 2716 1188 2781 perpetuo
1200 2724 1325 2763 serrssee.
1353 2706 1401 2762 So·

251 2797 324 2845 treus
334 2810 397 2849 vero
408 2796 472 2866 quid
484 2812 562 2866 super
577 2812 609 2849 es
623 2812 652 2849 re
669 2794 822 2866 prodiderit,
838 2812 899 2867 pag.
912 2795 970 2849 295.
987 2796 1131 2851 retulimus.
1165 2793 1229 2848 Hnic
1247 2800 1273 2847 et
1288 2792 1401 2847 Eusebio

252 2885 417 2936 somnone·
427 2881 518 2934 scribit
531 2878 692 2951 Nicephorius
709 2880 755 2935 lib.
767 2898 803 2935 ιι.
820 2896 878 2951 esp.
890 2898 980 2936 xxxvi.
1000 2887 1026 2935 ot
1042 2880 1086 2935 lib.
1099 2898 1144 2935 rur.
1162 2896 1218 2951 cup.
1231 2896 1324 2933 xxxur.
1348 2877 1401 2931 Nec

253 2960 313 3015 sliod
328 2966 450 3029 omnino,
467 2980 546 3035 quam
564 2966 633 3035 quod
650 2966 795 3036 superiores
812 2966 870 3031 isti,
887 2967 918 3020 de
934 2966 1112 3021 Bornsnoruru
1127 2964 1161 3019 sb
1172 2965 1297 3035 apostolis
1308 2964 1403 3017 tradits

253 3050 429 3105 consuetudine
442 3050 564 3120 disputet.
599 3050 684 3115 Quare
700 3050 833 3105 msuiiesti
850 3068 908 3105 seso
926 3050 1054 3105 mendacii
1070 3050 1174 3120 alligat,
1192 3050 1237 3119 qui
1253 3049 1402 3114 Eusebium,

251 3126 414 3203 Nicephorum
425 3141 452 3189 et
462 3135 665 3189 ecelesiasticam
674 3141 787 3189 veterem
795 3134 932 3189 historism
943 3135 977 3189 sd
985 3135 1077 3189 erroris
1089 3136 1131 3188 sui
1139 3135 1311 3206 patrocinium
1323 3150 1401 3199 ausus

254 3217 428 3275 estedducere.

255 3365 455 3428 osrsumrult
473 3374 522 3429 EX
542 3374 811 3429 semicumsusu
831 3372 1023 3429 DOCTRINAE
1043 3372 1217 3427 PRINCIPIIS
1235 3369 1402 3437 QUANTUM
1428 3390 1501 3444 μιιι,

306 3460 326 3509 Δ
341 3458 459 3515 SEIPSO
476 3459 510 3513 ΙΝ
528 3457 1009 3513 ursssuuscsuoucsrlusltnu
1027 3457 1134 3513 CYCLO
1151 3456 1338 3513 DISSlDllAT.

310 3558 396 3631 Pergit
414 3561 533 3632 Scaliger
548 3570 575 3615 et
585 3561 878 3617 Tesseresceedecatitss
895 3562 1070 3627 dictassent,
1087 3567 1116 3615 ut
1127 3566 1153 3615 et
1164 3563 1308 3632 apostolos,
1327 3562 1415 3631 cyclo·

256 3654 313 3695 uere
322 3644 426 3700 ludaico
438 3662 500 3700 usos
510 3662 582 3712 esse,
594 3654 622 3701 et
632 3664 665 3700 cx
677 3646 783 3719 periodo
792 3646 967 3711 Alexandrea,
979 3648 1033 3700 sive
1042 3646 1187 3717 Cslippica,
1199 3647 1344 3718 desumpto.
1361 3647 1401 3702 lix

259 3732 416 3803 quocontigit
426 3738 455 3784 ut
465 3731 595 3787 interdurn
610 3738 665 3785 toto
682 3748 771 3786 msnse
788 3748 804 3784 s
819 3730 947 3785 cstboliro
965 3732 1086 3803 paechste
1098 3738 1212 3785 veterum
1229 3732 1330 3787 illorum
1347 3739 1400 3786 tarn

258 3806 580 3871 Tteesrescsedecstitsrum
590 3833 669 3886 quam
678 3818 757 3870 etism
765 3818 942 3886 apostolorum
951 3816 1049 3887 pasche
1058 3816 1178 3881 differret,
1190 3823 1220 3871 ut
1230 3818 1257 3871 in
1269 3819 1402 3887 cyclovnr.

260 3901 335 3955 drus.
365 3901 434 3955 Natu
451 3918 511 3954 cum
528 3902 592 3955 suni
607 3902 646 3955 illi
660 3902 688 3954 in
702 3901 806 3955 loduico
819 3902 892 3971 cyclo
904 3918 1056 3956 communes
1069 3904 1134 3966 sint,
1151 3902 1178 3954 in
1190 3900 1303 3955 Niosson
1315 3908 1402 3955 sutem

260 3985 346 4053 etspud
354 3987 545 4041 Alexandrinos
554 3985 734 4040 accatholicos
742 3986 920 4051 embolimaei,
931 3986 1229 4040 'l'eesarescsedecatitas
1245 3992 1271 4039 et
1280 3987 1325 4056 qui
1333 3987 1401 4055 ipso·

260 4076 306 4118 mu
319 4070 394 4125 ritum
416 4070 531 4141 amplexi
545 4076 608 4123 suut
622 4072 651 4124 io
667 4070 750 4124 Nissn
767 4070 871 4125 ludaico
888 4070 987 4141 pascha
1003 4071 1180 4133 celebrabant,
1196 4072 1289 4141 reliqui
1302 4071 1329 4124 in
1341 4071 1399 4124 liar.

262 4144 384 4209 illaesum
395 4141 491 4209 asserit
500 4155 626 4225 Scaliger,
641 4156 674 4209 iis
689 4156 753 4227 ipsis
769 4163 944 4210 consentanea
955 4156 1068 4225 loquitur
1080 4172 1146 4225 quoe
1158 4156 1256 4225 passim
1268 4162 1294 4209 et
1305 4156 1401 4225 ubique

262 4234 382 4304 lnedicst,
399 4240 509 4293 ludaeos
526 4240 610 4293 tribus
625 4240 679 4294 iere
695 4247 757 4294 ants
768 4240 900 4295 Christum
916 4240 1038 4303 saeculis,
1056 4240 1214 4311 totidemque
1231 4248 1291 4311 post
1306 4241 1401 4310 ipsum,

263 4312 401 4392 Celppierm
412 4326 475 4379 anui
484 4325 597 4379 formam
609 4330 636 4379 et
645 4326 749 4394 cyclum
757 4326 948 4380 Alexandream
961 4325 993 4378 ad
1002 4325 1153 4395 popularem
1164 4342 1241 4379 usum
1253 4324 1401 4379 adscivisse.

263 4398 365 4463 docuero
373 4410 451 4481 plsne
459 4426 517 4464 esse
534 4410 673 4465 confictum
685 4427 716 4465 so
726 4412 783 4464 sine
794 4412 849 4464 ulls
859 4410 959 4463 rationo
970 4416 1066 4463 temere
1072 4410 1217 4475 creditum,
1232 4412 1259 4463 in
1275 4408 1400 4479 superiori

266 4483 357 4548 benno
368 4496 513 4549 dominicae
524 4496 655 4566 passionis
667 4496 777 4551 distribr
789 4495 1035 4559 demonstrauimus,
1050 4495 1169 4565 idemque
1186 4494 1315 4564 copiosius
1327 4495 1400 4560 alius,

266 4567 302 4625 l00
310 4576 419 4646 iurante,
433 4581 567 4635 confutare
579 4580 746 4635 decrevimus.
781 4580 834 4635 Sed
845 4580 948 4634 utillud
961 4580 1036 4633 ruodo
1048 4579 1181 4649 Sceligero
1193 4578 1356 4643 concedatur,
1367 4596 1400 4635 es

266 4668 289 4707 Ν
297 4664 401 4727 proiecto
412 4667 572 4721 conueniunt
583 4667 639 4720 eius
651 4667 776 4737 sequitur,
792 4666 861 4735 qnod
876 4672 902 4717 et
912 4680 1003 4717 rerum
1015 4671 1054 4719 eet
1065 4672 1091 4719 et
1102 4666 1135 4719 rb
1147 4664 1237 4719 eodem
1248 4662 1400 4731 affirmetur,
1488 4686 1494 4701 ι

268 4734 353 4803 histos
360 4766 390 4804 sc
398 4750 693 4805 Tessareecaedecstitse
703 4750 777 4821 cyclo
786 4768 843 4805 rrrr.
856 4766 887 4803 ac
898 4766 953 4803 ru.
964 4766 1128 4805 communem
1140 4766 1237 4804 sunum
1246 4756 1399 4823 usurpantes

268 4828 412 4890 Μιιιιι
422 4834 616 4906 aequinoctium
626 4834 760 4890 indintbes.
794 4834 846 4889 Cur
857 4834 928 4887 euim
938 4834 1059 4889 catholici
1075 4834 1153 4906 cyclis
1169 4835 1233 4902 illis,
1250 4836 1399 4893 intorcsleto
