3650 5642
440 608 510 665 0Χο

440 768 545 817 mutam
555 762 632 817 annis
643 760 810 833 Olympiadas
821 762 1007 827 anteceniam,
1018 776 1129 832 quarum
1140 758 1243 815 initium
1254 774 1335 813 annus
1346 762 1392 811 est
1402 757 1432 811 iu
1441 770 1496 828 per.
1505 752 1581 809 luban.

439 848 514 903 3998.
532 848 677 902 Constituto
688 846 825 901 Medorum
836 848 945 919 imperio
958 848 1008 901 duo
1020 846 1148 917 quaedam
1159 846 1211 899 alia
1219 845 1343 915 paulatim
1354 841 1539 903 afflomsrunt,
1546 840 1583 891 As-

439 935 569 1003 syriorum
577 949 608 986 ac
615 931 831 1001 Babyloniorum,
843 950 911 1003 quae
916 932 1016 1002 Assyrii
1023 932 1092 985 illius
1102 932 1211 985 maximi
1220 946 1250 983 ac
1259 929 1371 983 diuturni
1380 928 1456 981 velut
1463 924 1584 993 euhagis

440 1018 560 1071 disiectas
571 1018 669 1088 ubique
679 1018 782 1071 tabulas
793 1019 964 1089 arripuerunt
995 1016 1112 1081 Quorum
1123 1017 1191 1087 apud
1203 1021 1306 1069 exteros
1315 1015 1461 1084 scriptores
1471 1010 1585 1083 pertenu'n

440 1109 481 1157 est
491 1110 518 1156 et
528 1104 640 1156 obscura
649 1104 788 1169 memoria,
799 1105 828 1157 in
838 1104 920 1157 sacris
931 1119 991 1157 vero
1003 1102 1084 1155 litoris
1096 1119 1155 1157 cum
1167 1102 1314 1166 amborum,
1324 1104 1382 1153 tum
1394 1096 1587 1167 Babyloniorum

439 1173 591 1260 praesertim
603 1189 734 1242 luculenta
748 1194 788 1243 est
799 1206 829 1242 ac
840 1188 963 1259 frequens
980 1189 1085 1241 mentio.
1120 1187 1172 1241 Sed
1187 1187 1284 1258 priores
1300 1188 1484 1239 momorantur
1495 1179 1588 1248 Assyrii,

440 1290 550 1343 quorum
561 1274 660 1344 primns
670 1294 706 1343 ιι.
718 1274 784 1345 Bog.
793 1293 837 1340 ιν,
850 1274 890 1330 19.
908 1274 1018 1327 occurrit
1032 1272 1111 1338 Phul,
1128 1273 1174 1343 qui
1185 1278 1211 1325 et
1222 1270 1349 1325 Belochus
1360 1270 1468 1324 dicitur.
1501 1267 1589 1320 Hunca

438 1358 523 1413 Medis
533 1358 658 1414 dcimam
669 1360 802 1431 probabile
814 1366 862 1415 est.
897 1359 1030 1413 Successit
1040 1357 1152 1429 Teglath
1162 1356 1299 1411 Phalaasar
1309 1356 1371 1411 ibid.
1385 1370 1457 1409 eom.
1466 1352 1507 1407 29.
1537 1348 1588 1403 lude

439 1444 621 1499 summum
638 1464 673 1502 ιι.
688 1445 754 1515 aeg.
770 1463 839 1511 xm,
854 1444 879 1500 3.
904 1445 983 1517 ‚uum
1000 1444 1175 1498 cannenses
1191 1444 1246 1497 erus
1262 1441 1332 1497 snus
1342 1460 1379 1495 η.
1391 1440 1546 1510 negans,
1558 1432 1589 1485 lt
1622 1434 1623 1460 ¹

438 1530 589 1585 Postremus
600 1530 822 1584 initAsssraddou
834 1545 891 1601 cap.
900 1548 961 1595 ιιι,
972 1529 1014 1585 37.
1031 1529 1087 1583 lam
1095 1546 1156 1583 vero
1168 1530 1267 1601 primus
1275 1527 1447 1597 Assyriorum
1457 1521 1589 1595 principum
1622 1553 1623 1579 ι

438 1614 504 1670 Phul
515 1616 564 1670 sub
575 1615 706 1671 hiauaheu
717 1615 820 1669 Isradlis
838 1622 865 1669 et
875 1616 969 1669 Aueria
979 1614 1057 1669 Iudae
1074 1630 1136 1685 rege
1153 1615 1298 1667 collocatur.
1331 1612 1442 1665 Aaariaa
1460 1609 1519 1663 iniit
1531 1620 1588 1658 anuo
1622 1620 1623 1685 y

438 1719 492 1772 per.
500 1702 559 1767 Iul,
571 1708 601 1755 ut
611 1702 774 1765 arbitramur,
785 1699 860 1754 3905.
887 1699 972 1764 Quare
985 1701 1150 1771 Assyriorum
1160 1714 1284 1769 reguum,
1296 1697 1364 1768 quod
1376 1697 1429 1751 sub
1441 1694 1533 1749 Araris
1541 1690 1588 1743 fut·

338 1800 359 1841 u·
368 1788 413 1832 Alb
438 1786 528 1841 datum
540 1793 591 1852 est,
602 1787 680 1857 longe
691 1786 820 1857 posterius
832 1791 873 1839 ost
882 1786 1019 1840 Medorum
1030 1786 1104 1839 initio
1116 1786 1234 1839 videlicet
1243 1784 1319 1837 anuis
1329 1782 1384 1837 iere
1396 1800 1462 1837 ιιι.
1487 1778 1527 1832 Ad
1536 1775 1587 1828 haec
1622 1754 1623 1804 i

437 1872 561 1927 Bacchias
578 1872 663 1943 eoepit
677 1888 711 1925 ex
727 1870 911 1943 chronologiae
927 1878 1031 1927 nostrae
1047 1872 1187 1925 ratiociniis
1203 1886 1256 1941 per.
1265 1869 1313 1923 lul.
1322 1868 1398 1923 3987.
1434 1866 1506 1936 lirgo
1517 1875 1588 1916 auum

438 1960 495 2014 eius
506 1976 568 2023 nn,
580 1974 632 2028 quo
644 1956 821 2011 Sennacherib
831 1957 981 2011 interiectus
992 1956 1100 2021 ridetur,
1112 1962 1152 2009 est
1161 1972 1215 2027 per.
1224 1954 1272 2009 lul.
1281 1952 1356 2008 4000.
1370 1953 1484 2007 circiter.
1622 1967 1623 2028 y

504 2044 539 2097 At
549 2042 754 2112 Babyloniorum
764 2058 888 2113 regnum,
900 2044 924 2096 si
936 2058 951 2096 a
962 2041 1143 2097 Nabonassaro
1155 2046 1269 2111 repetas,
1281 2040 1381 2109 aliquot
1391 2038 1472 2091 anuis
1482 2037 1541 2106 port
1549 2030 1588 2083 At·

438 2128 568 2198 syriorum
577 2128 681 2181 initium
692 2128 786 2183 extitit.
815 2128 906 2198 Coepit
916 2128 985 2181 enim
996 2126 1173 2181 Nabonasssri
1184 2142 1244 2181 uera
1254 2124 1389 2193 Babylone
1399 2138 1457 2194 per.
1465 2120 1513 2175 lul.
1521 2112 1586 2170 9967.

437 2214 540 2268 Primus
551 2220 639 2267 summ
650 2230 665 2267 e
675 2212 828 2283 Babyloniis
843 2214 949 2283 regibus
964 2213 992 2265 in
1009 2214 1141 2283 scripturis
1157 2212 1305 2265 nominatur
1315 2206 1458 2263 Msrodach
1469 2206 1536 2259 tilius
1545 2199 1587 2253 Bt·

437 2298 515 2353 lodan
525 2318 561 2355 ιι.
571 2297 637 2370 Bag.
646 2317 691 2365 ιι,
704 2298 744 2353 19.
756 2299 825 2352 circa
832 2314 931 2352 annum
940 2297 1064 2351 Bacchiae
1076 2298 1123 2364 14,
1135 2298 1204 2351 circa
1214 2312 1268 2368 per.
1276 2295 1324 2349 lul.
1332 2294 1418 2359 4000,
1430 2290 1521 2347 eodem
1532 2292 1585 2339 tem·
1622 2347 1623 2372 ,

439 2401 502 2455 pore
514 2401 566 2455 quo
577 2383 752 2438 Sennacherib
763 2390 791 2437 et
801 2383 966 2438 Assarsddon
979 2383 1006 2437 in
1015 2384 1123 2452 Assyria
1133 2382 1285 2453 regnabant.
1304 2380 1388 2445 Quare
1396 2372 1535 2434 himodsch
1544 2372 1585 2422 itit
1622 2411 1623 2491 y

437 2472 478 2523 vel
489 2470 558 2524 idem
570 2475 680 2525 osteum
691 2469 885 2533 Nabonasssro,
901 2468 944 2523 rel
958 2470 1046 2539 potius
1058 2468 1174 2521 Balsdan
1185 2464 1333 2521 hierodachi
1347 2472 1429 2536 pater,
1446 2481 1463 2517 a
1478 2474 1529 2532 quo
1543 2454 1585 2509 Bt·

440 2557 586 2625 bylonicnm
597 2556 734 2626 imperium
749 2554 781 2608 ad
792 2553 1071 2609 Nabuchodonosorem
1087 2560 1114 2607 et
1128 2558 1245 2624 posteros
1261 2568 1343 2622 usque
1357 2554 1531 2622 propagatum
1545 2544 1584 2601 tit»
1622 2568 1623 2608 ι

437 2641 519 2695 donec
531 2640 623 2710 scyro
635 2640 754 2694 etPersis
764 2641 908 2693 extinctum
920 2646 967 2695 est.
984 2639 1023 2693 De
1031 2640 1217 2710 posterioribus
1225 2637 1337 2707 Assyriis
1349 2637 1469 2708 suspicor
1479 2634 1584 2687 loeomu
1622 2633 1623 2706 l

436 2724 622 2796 Epiphanium,
633 2726 720 2796 potius
729 2742 808 2796 quam
817 2726 848 2779 de
860 2726 976 2795 antiquis
986 2726 1046 2779 illis.
1064 2724 1147 2789 Quem
1157 2740 1205 2778 nos
1217 2729 1248 2777 nt
1258 2723 1291 2776 ab
1302 2738 1386 2775 errore
1398 2712 1582 2789 umnnqueun·

436 2810 564 2876 dicemus,
575 2817 703 2881 qnatenus
711 2810 803 2865 Medos
811 2810 964 2879 Babyloniis
972 2811 1128 2880 posteriores
1137 2810 1237 2881 posuit,
1249 2808 1281 2862 ad
1290 2808 1396 2862 Darium
1405 2808 1481 2861 illum
1488 2798 1582 2857 hietim
1622 2790 1623 2874 Ῐ

435 2896 581 2967 respexisse
593 2894 733 2960 credimus,
750 2896 796 2965 qni
807 2912 841 2947 ex
851 2896 993 2948 multorum
1005 2897 1134 2949 sententia
1145 2895 1281 2949 Medorum
1291 2900 1439 2965 postremus
1450 2906 1497 2945 rex
1507 2886 1582 2940 trite
1622 2944 1623 2952 χ

436 2998 496 3035 cum
507 2980 587 3050 Cyro,
602 2979 737 3049 Babylone
748 2984 835 3050 capta,
852 2980 961 3033 eandem
978 2980 1050 3034 solus
1062 2982 1181 3035 obtinuit
1216 2980 1289 3045 Quod
1300 2980 1350 3033 etsi
1359 2990 1524 3049 nequaquam
1533 2982 1582 3041 ptt
1622 3007 1623 3060 y

435 3068 529 3121 bamus
540 3066 637 3136 (neque
647 3065 719 3119 enim
729 3065 823 3119 Darius
840 3065 884 3119 ille
894 3065 1010 3119 Danielis
1021 3066 1157 3121 Medorum
1173 3083 1220 3119 rex
1236 3065 1309 3131 initi,
1326 3064 1495 3119 nihilomiuus
1510 3074 1541 3111 οἱ
1556 3068 1581 3105 ⁶⁰

435 3152 552 3207 manarit
561 3157 728 3223 praepostera
737 3152 784 3205 illa
793 3168 933 3223 regnorum
950 3152 1018 3224 apud
1034 3152 1209 3223 Epiphaniam
1225 3150 1379 3205 distributio.
1401 3147 1522 3219 Alioquin
1537 3154 1581 3193 etr·
1622 3158 1623 3178 ¹

435 3238 539 3293 tiasim
558 3244 600 3292 est
620 3244 647 3291 et
667 3238 700 3291 ad
721 3238 837 3293 Danielis
853 3238 981 3292 tisiam
1000 3237 1270 3292 accommodatissima
1288 3236 1438 3305 Hieronymi
1456 3225 1581 3287 senentis
1622 3218 1623 3296 i

437 3330 546 3395 quatuor
558 3324 682 3377 animalia
692 3324 800 3378 totidem
810 3325 920 3396 imperia
931 3324 1091 3394 siguificare,
1107 3322 1324 3393 Babyloniorum,
1341 3321 1491 3385 Persarum,
1506 3314 1579 3371 hiat*
1622 3369 1623 3404 ,

436 3410 546 3476 donum,
556 3409 741 3463 Romanorum.
1622 3429 1623 3476 y

503 3493 653 3564 Ἐπιτρέπειν
661 3497 713 3553 τοῖς
722 3490 810 3544 ἔθνεσιν
819 3490 850 3553 εἰς
859 3492 989 3563 πόλεμον]
1007 3492 1038 3546 Ὃ
1047 3496 1112 3553 coiit:
1125 3493 1219 3563 Angeli
1230 3492 1365 3547 nationum
1375 3490 1504 3563 praesides
1511 3478 1579 3541 tt'ttffl'

435 3578 582 3632 detinentur
592 3578 811 3648 prohibenturqne
822 3593 856 3631 ne
867 3578 997 3632 subiectos
1009 3578 1059 3631 sibi
1069 3578 1180 3648 populos
1192 3577 1224 3630 ad
1235 3578 1303 3631 bella
1312 3583 1460 3649 provocant
1622 3579 1623 3664 l

634 3795 1389 3864 mussansmnn.‚oueunsunnlmmeun.
1622 3787 1623 3868 l

501 3917 691 3988 Spurcissimae
698 3915 775 3971 buius
784 3916 899 3972 haeresis
908 3922 1027 3973 sutorem
1035 3918 1211 3975 Theodoretus
1222 3920 1285 3975 tacit
1295 3920 1439 3985 Prodicum,
1450 3917 1522 3972 cuius
1531 3920 1576 3965 ut
1622 3941 1623 3988 y

434 4002 757 4059 miuitGlemrrr.Strom.
1342 4060 1345 4071 ¹
1622 3995 1623 4074 i

501 4087 532 4143 N.
543 4106 573 4143 ιι.
590 4086 636 4139 Διὰ
647 4089 676 4141 rb
687 4083 746 4141 εἶναι
757 4085 852 4158 ἢμην]
873 4089 934 4144 Hes.
948 4086 1031 4160 Ἔθμὴ
1043 4088 1132 4161 isphr,
1145 4090 1235 4153 καπνὸς
1247 4090 1349 4156 λεπτὸς,
1360 4086 1432 4161 inari.

502 4173 576 4239 Δίκην
588 4172 760 4244 Κιμψαρίων]
780 4173 852 4227 Idem
863 4174 923 4227 Hos.
935 4173 1033 4245 κάμψα,
1047 4176 1120 4245 θήκη,
1132 4175 1341 4247 γλωσσοκομίῖον.
1360 4175 1392 4229 Et
1403 4162 1574 4245 repeteretis

435 4259 553 4314 κανίσκια.
570 4256 677 4312 suidas:
689 4258 769 4329 Κᾶψα,
782 4258 859 4328 κίστη,
871 4260 887 4326 ἢ
900 4258 970 4325 θήκη.
988 4260 1070 4329 Igitur
1081 4260 1190 4331 capsarii
1202 4268 1263 4315 sunt
1273 4259 1469 4331 ἱματιοφύλιιες,
1480 4258 1526 4313 huc
1535 4254 1573 4309 tib
1622 4311 1623 4334 ,

435 4352 466 4399 nt
474 4346 578 4415 glossae
588 4342 710 4407 reddunt,
721 4348 862 4441 sutorii..
877 4343 1120 4414 Suprainllebion.
1131 4348 1241 4399 οιεαινοι
1251 4346 1369 4401 vocabat.
1402 4330 1572 4399 Patimini·
1622 4363 1623 4450 y

436 4434 459 4495 i.
470 4432 554 4487 ultim.
565 4430 597 4483 D.
608 4428 640 4483 de
651 4426 726 4482 csse.
738 4428 822 4483 Praet
831 4430 891 4499 vrg.
902 4428 993 4483 eadem
1003 4444 1066 4483 soce
1077 4431 1253 4501 capsaricrnm
1263 4431 1384 4503 appellat.

1622 4531 1623 4560 l

618 4649 663 4705 AD
679 4649 851 4706 marusim
866 4650 942 4715 Lm,
959 4648 1047 4715 QUAE
1063 4649 1127 4705 EST
1144 4651 1403 4709 SAMPSAEOBUM.
1622 4585 1623 4656 1

502 4767 540 4823 De
551 4786 584 4823 es
593 4770 647 4825 iam
657 4770 685 4824 in
697 4770 872 4841 superioribus
883 4771 1009 4837 Munus,
1021 4774 1088 4825 utet
1099 4770 1130 4826 ds
1141 4771 1253 4839 unae,
1264 4774 1318 4829 sire
1329 4772 1413 4828 leai.
