3650 5642
439 604 597 661 clxxxvi

439 767 480 815 est
489 758 639 830 συνελήφθη,
655 758 724 829 quod
734 759 811 829 eulpa
821 759 985 813 librariorum
997 757 1098 828 effugit
1132 758 1236 813 Utinam
1247 764 1350 813 caston
1360 764 1415 815 mm
1426 758 1503 813 heile
1514 760 1585 813 extri·

438 862 498 900 care
507 850 623 917 possem!
635 850 773 915 quaesunt
781 843 987 915 impeditissima.
1010 843 1139 914 Imprimis
1151 844 1221 897 enim
1232 860 1280 915 psr
1290 845 1353 898 illud
1364 860 1431 899 ooss.
1442 844 1585 897 Emissos

439 930 596 1002 llsppoplsoo
605 935 631 983 et
641 928 737 995 [iperio
745 928 906 1000 llopsqiseoi
916 926 1014 981 ὑπάτων
1023 929 1102 981 nullis
1110 930 1138 981 in
1149 928 1234 983 Fastis
1245 924 1343 1001 reperio
1358 930 1434 1001 (quos
1444 930 1528 983 luisse
1539 930 1586 983 sul·

438 1016 519 1070 lsctos
530 1019 631 1086 oportet
640 1032 686 1086 per
696 1015 741 1067 ills
750 1015 887 1086 tempora).
919 1006 989 1068 ¹iluna
1000 1014 1081 1084 igitur
1092 1019 1195 1067 sutores
1207 1015 1256 1079 illi,
1273 1032 1338 1086 quos
1350 1016 1415 1069 citat
1425 1014 1586 1087 Epiphanius,

437 1106 528 1155 natnnr
536 1101 649 1155 dixerint
655 1099 784 1153 Christum
795 1116 864 1153 anno
872 1100 983 1169 Augusti
993 1116 1043 1163 nn,
1055 1104 1209 1170 conceptum
1217 1116 1278 1153 reru
1286 1100 1360 1154 lunio
1369 1102 1412 1154 rel
1420 1102 1487 1155 lulio
1495 1116 1588 1163 menas,

438 1202 469 1240 so
480 1204 518 1241 vn
528 1187 656 1240 duntaxst
665 1200 767 1239 menses
777 1186 805 1239 in
820 1192 894 1239 utero
909 1190 1052 1254 gestatum,
1069 1186 1092 1237 si
1108 1185 1203 1239 natalis
1219 1186 1330 1239 eundern
1345 1202 1405 1240 oum
1417 1186 1552 1257 Aegyptiis
1565 1190 1588 1237 st

331 1302 334 1309 -
436 1271 581 1343 Epiphanio
592 1272 661 1325 diem
674 1272 823 1335 statuerint,
838 1270 993 1324 convenient
1007 1269 1035 1323 hi
1051 1286 1117 1325 eoas.
1133 1270 1160 1324 in
1177 1286 1275 1325 annum
1290 1272 1404 1341 Augusti
1414 1290 1508 1326 xxm.
1542 1270 1588 1324 Sed

436 1359 548 1428 Augusti
558 1358 650 1427 Impsr.
662 1374 786 1411 annorum
797 1356 899 1409 diversa
908 1360 972 1409 sunl
981 1356 1067 1420 initis,
1080 1354 1111 1408 ds
1123 1355 1218 1425 quibus
1236 1358 1341 1427 copiose
1352 1357 1449 1411 dictum
1461 1362 1511 1411 set.
1527 1356 1588 1409 Nam

438 1448 484 1496 snt
494 1442 527 1496 ab
538 1444 595 1514 ipsa
605 1443 663 1496 lolii
673 1442 789 1497 Gaemrie
804 1457 880 1506 osce,
897 1440 997 1495 Iuliano
1008 1459 1038 1495 rr.
1053 1447 1230 1506 numerantur,
1247 1448 1292 1495 sut
1307 1458 1324 1495 a
1340 1448 1478 1512 sequente,
1496 1442 1542 1496 lul
1553 1460 1587 1494 ιιι.

437 1526 511 1582 Unde
521 1546 564 1581 ru.
575 1528 686 1599 Augusti
696 1528 811 1581 Iulianus
822 1532 863 1579 est
872 1526 914 1579 rel
926 1544 979 1580 xer.
992 1526 1033 1579 vel
1044 1542 1123 1587 ιιιις
1139 1526 1167 1579 in
1185 1542 1295 1596 quorum
1311 1529 1464 1581 alterutrum
1480 1527 1586 1581 molen

438 1612 533 1667 christi
544 1614 681 1685 scriptores
690 1614 728 1666 illi
739 1612 912 1675 coniecerant,
929 1616 1083 1681 conceptum
1100 1616 1189 1665 autem
1201 1614 1353 1666 asserebant
1364 1612 1410 1667 Iul
1422 1632 1467 1667 nr„
1479 1612 1521 1665 rel
1532 1628 1587 1673 rm,

437 1715 547 1769 quorum
564 1700 657 1769 aliquis
671 1696 793 1751 suffectos
807 1696 866 1749 illos
882 1713 951 1751 cose.
966 1695 1065 1750 habuit.
1088 1695 1185 1750 Varum
1202 1698 1326 1767 quoniam
1337 1698 1451 1768 Augusti
1465 1714 1547 1751 annos
1558 1696 1587 1747 ab

436 1784 580 1855 Epiphanio
592 1780 653 1854 μετὰ
663 1782 782 1853 πρόληψιν
793 1782 925 1835 numerari
937 1782 1071 1835 docuimus
1083 1780 1238 1846 sllal.1sn.‚
1255 1786 1284 1835 ut
1299 1800 1384 1835 annus
1400 1784 1472 1837 illius
1485 1800 1547 1837 xus.
1557 1782 1585 1833 sit

436 1870 552 1923 lulianus
568 1870 624 1933 ille,
641 1868 713 1921 cuius
729 1867 762 1919 sb
778 1866 898 1937 Augusto
915 1884 1005 1921 meuse
1017 1884 1080 1921 aun.
1096 1866 1209 1937 Augusti
1224 1868 1322 1933 inierit,
1339 1868 1408 1921 unde
1425 1884 1461 1921 sn
1479 1867 1586 1921 einsdsn

438 1953 712 2023 consummemini
729 1969 794 2005 coss.
811 1953 861 2006 sibi
875 1952 997 2006 vendicat
1008 1954 1075 2021 Aug.
1087 1970 1143 2007 ιιιι.
1161 1958 1188 2006 st
1204 1952 1349 2017 Silvanum,
1366 1951 1415 2006 hao
1431 1954 1532 2006 ratione
1549 1966 1585 2003 ιι.

438 2039 551 2109 Augusti
566 2038 635 2091 cadit
648 2038 674 2091 iu
692 2038 854 2091 consulatum
871 2036 899 2092 0.
913 2037 1018 2091 Calvisii
1034 2044 1060 2091 et
1070 2037 1098 2091 L.
1108 2037 1237 2103 Passieni,
1254 2056 1344 2091 rxxrx.
1356 2054 1417 2092 vero
1430 2038 1498 2108 Aug.
1511 2056 1554 2090 ru.
1565 2042 1587 2087 et

437 2123 465 2177 E.
477 2123 578 2177 Sullam
593 2139 659 2177 coss.
671 2122 758 2188 habet,
775 2122 869 2192 quibus
886 2122 988 2175 suffecti
1004 2128 1066 2177 sunt
1077 2122 1208 2193 Sulpicius
1220 2122 1371 2177 Camerinus
1383 2130 1410 2177 et
1421 2122 1586 2193 Pompeianus

436 2210 480 2262 ills
492 2208 587 2273 Buteo3
604 2208 636 2261 de
648 2208 740 2278 quibos
751 2209 820 2262 eirca
831 2207 879 2261 hos
890 2224 973 2261 annos
984 2208 1057 2261 nulls
1067 2208 1095 2261 iu
1105 2207 1191 2261 Fastis
1203 2208 1308 2263 mentio.
1343 2208 1394 2261 Sed
1406 2224 1478 2261 anno
1489 2208 1585 2261 demum

436 2294 537 2348 iuliano
553 2312 605 2347 ιιι.
625 2292 655 2357 Q.
670 2293 799 2364 Sulpicius
813 2293 966 2347 Camerinus
985 2298 1012 2346 et
1032 2292 1167 2365 Poppaeus
1183 2293 1297 2347 Sabinus
1320 2310 1386 2347 cose.
1403 2294 1585 2348 adscribuntur.

437 2380 476 2433 lle
487 2379 586 2450 Βηττίῳ
597 2378 748 2450 Πομπηϊανῷ
760 2378 824 2433 nihil
834 2380 942 2449 reperio.
976 2378 1050 2443 Quod
1065 2396 1160 2433 nomen
1176 2378 1300 2433 mendose
1315 2381 1342 2433 in
1359 2378 1436 2433 dandi
1452 2396 1516 2433 casu
1529 2377 1584 2429 scri·

437 2471 511 2537 ptum
531 2471 578 2519 est.
612 2464 709 2534 corrig.
726 2466 814 2534 itaque
832 2463 930 2529 liparim
949 2463 1120 2534 Πομπηϊανοῦ,
1143 2464 1210 2535 quod
1232 2464 1354 2518 orationis
1372 2466 1453 2519 series
1471 2462 1583 2535 postulat

437 2552 541 2622 Alioqui
551 2568 604 2604 non
615 2566 672 2603 sum
687 2550 803 2614 nescius,
818 2550 882 2619 quin
893 2548 987 2603 Latino
999 2566 1071 2603 more
1083 2566 1149 2603 coes.
1161 2550 1268 2603 nomina
1279 2567 1324 2621 per
1335 2550 1451 2603 dativum
1463 2546 1583 2603 interdurn

436 2652 560 2709 expressa
566 2637 692 2706 legantur.
709 2634 744 2688 Ut
753 2636 781 2687 iu
790 2635 845 2689 Vct
856 2636 973 2705 iuscript.
982 2636 1107 2689 Alexand
1118 2633 1262 2689 Chronicou
1272 2650 1331 2705 psg.
1338 2635 1396 2690 497.
1405 2650 1474 2689 anno
1481 2630 1584 2703 Augusti

436 2740 478 2775 xe.
491 2727 580 2774 natum
592 2736 647 2773 esse
660 2718 788 2773 Christum
799 2727 941 2787 memorat,
955 2718 1120 2775 monarchiae
1132 2738 1224 2775 xnvrrr.
1259 2720 1310 2774 Sed
1322 2718 1476 2774 mendosum
1488 2734 1543 2773 csse
1552 2718 1584 2769 lo·
1622 2724 1623 2794 l

436 2822 496 2860 cum
506 2821 612 2860 necesse
623 2812 670 2858 est
693 2804 759 2867 Quia
770 2820 831 2875 pag.
840 2804 897 2858 453.
910 2822 993 2859 srrnos
1005 2806 1124 2876 Augusto
1141 2806 1231 2860 tribuit
1243 2824 1297 2871 ιιι,
1313 2822 1416 2859 menses
1428 2822 1469 2870 νι,
1487 2821 1520 2859 ox
1535 2800 1584 2872 qui·

436 2892 485 2945 bue
495 2910 541 2945 m
552 2895 611 2961 post
621 2888 714 2943 Christi
730 2890 844 2942 natalm
854 2890 929 2945 vixit.
965 2889 1037 2943 Unde
1049 2908 1112 2945 ιιιι.
1125 2906 1202 2961 agere
1218 2890 1307 2945 debuit
1321 2908 1372 2961 quo
1388 2898 1505 2961 tompore
1516 2894 1584 2942 natos

436 2984 476 3030 est
486 2976 611 3031 Christus.
628 2974 762 3028 Caeterum
774 2974 913 3028 (lornariua
924 2992 971 3046 pro
984 2975 1082 3042 Burrio
1091 2974 1251 3046 lloprsq'issoi
1262 2976 1305 3031 Co.
1312 2976 1465 3047 Pompeiano
1473 2970 1582 3029 reddidit

436 3062 490 3117 llos
501 3062 645 3115 Buteonem
655 3066 786 3131 utcunque
797 3061 951 3125 munimus,
964 3060 1033 3132 quod
1043 3060 1183 3116 Fabiorum
1194 3078 1339 3132 cognomen
1350 3062 1407 3115 luit.

503 3146 643 3217 Εὑρήκαμεν
655 3145 701 3218 γὰρ
713 3143 761 3198 ἀπὸ
773 3147 862 3199 τούτου
873 3150 918 3199 τοῦ
930 3146 1115 3218 Προπόσωνος.]
1150 3146 1337 3201 Foedisslmum
1355 3146 1396 3200 hio
1408 3146 1530 3200 mendum
1541 3146 1583 3205 esi,
1621 3126 1622 3160 ¹

436 3234 467 3287 de
478 3250 531 3304 quo
543 3234 662 3305 capillum
673 3249 726 3287 uon
736 3234 898 3304 promittam,
909 3249 994 3304 neque
1006 3234 1130 3303 occipiam
1144 3231 1301 3286 horiolarler.
1319 3231 1472 3302 Quanquam
1485 3248 1519 3285 sx
1530 3244 1583 3282 eou-

435 3320 603 3390 sequentibus
614 3319 676 3389 quid
686 3318 851 3373 scribendum
861 3319 940 3373 luerit
950 3319 1008 3371 elici
1019 3325 1113 3389 potest
1135 3318 1237 3373 Etenim
1249 3318 1282 3371 ab
1293 3334 1324 3371 eo
1337 3318 1390 3382 dis,
1402 3332 1480 3389 quem
1491 3316 1534 3371 isti
1544 3328 1582 3367 na·

436 3406 481 3459 tsli
492 3404 677 3476 praefixerant,
693 3404 726 3457 sd
742 3420 766 3457 a
777 3404 802 3457 d.
814 3422 870 3457 νιιι.
888 3403 943 3456 Eid.
955 3402 1009 3456 lan.
1025 3420 1128 3457 menses
1140 3404 1177 3456 sit
1188 3404 1312 3457 interesse
1324 3420 1362 3457 ιιι
1373 3404 1489 3467 Ιιιιιοι,
1504 3401 1582 3454 miuus

436 3491 527 3543 diebus
537 3510 573 3544 ιι.
596 3491 675 3559 Atqui
686 3506 712 3542 vs
723 3490 826 3542 lunam
837 3504 941 3541 menses
950 3487 1005 3540 dies
1017 3488 1144 3558 colligunt
1158 3487 1213 3553 177,
1231 3490 1325 3558 quibua
1337 3488 1416 3541 additi
1428 3487 1461 3539 26
1472 3486 1583 3541 efficiunt
1620 3480 1621 3509 l

435 3573 491 3627 diss
502 3574 560 3639 wil,
572 3576 616 3643 qui
627 3574 659 3626 de
669 3572 717 3627 371
731 3573 838 3626 detracti
848 3573 998 3642 relinquunt
1010 3572 1064 3625 dies
1079 3572 1133 3627 168.
1152 3573 1242 3643 ltaque
1257 3572 1311 3627 169.
1321 3574 1360 3627 die
1373 3572 1456 3627 allai.
1466 3572 1529 3635 lau,
1540 3568 1582 3622 hou

435 3666 475 3711 sst
485 3676 539 3712 rrv.
549 3658 606 3713 llal.
617 3658 709 3721 iulias,
725 3662 879 3727 conceptum
892 3672 951 3711 esse
963 3654 1108 3721 Christum,
1125 3664 1151 3711 et
1166 3657 1224 3711 203.
1241 3664 1332 3729 postes
1348 3658 1401 3721 die,
1417 3658 1472 3710 sire
1488 3676 1523 3710 vr.
1535 3655 1582 3707 lan.

434 3748 524 3797 natum
536 3748 713 3797 asseverarunt
722 3742 760 3794 illi
771 3742 803 3794 de
814 3742 909 3811 quibus
919 3741 1077 3812 Epiphanius
1088 3742 1208 3813 loquitur.
1225 3744 1347 3814 Adeoque
1359 3746 1397 3797 sie
1408 3738 1582 3813 concipiendus

435 3826 476 3881 hie
487 3828 560 3881 locus
577 3828 637 3881 luit:
653 3824 702 3878 isi
714 3828 763 3878 τῶν
776 3824 824 3896 πρὸ
836 3826 895 3879 δέκα
908 3826 953 3879 tio
965 3826 1100 3879 Καλανδῶν
1112 3826 1230 3881 ’1ονλ1ων.
1248 3829 1296 3882 Vel
1308 3830 1369 3899 quia
1380 3828 1433 3882 diss
1445 3834 1485 3881 esi
1497 3820 1582 3897 Epiphi

434 3909 769 3981 ιιιι.ἀπ1ιῆςιοῦ’11πιφ1
783 3908 831 3963 κδ’.
865 3914 900 3965 At
916 3911 1055 3967 (ismarius
1071 3913 1119 3983 πρὸ
1137 3913 1246 3975 Πίσωνος
1262 3915 1358 3984 legisse
1373 3914 1481 3967 videtur.
1515 3904 1581 3974 Quod

434 4016 488 4053 nou
498 4003 539 4051 eet
548 3998 753 4068 improbandum.
776 3996 811 4050 Ut
821 3997 858 4050 ita
868 3998 986 4052 fortassis
1001 3998 1224 4069 interpretandum
1241 4001 1286 4053 sit:
1304 4000 1337 4052 ab
1354 4015 1423 4052 anno
1439 3998 1580 4052 consulatus

434 4086 502 4154 Aug.
514 4100 572 4136 xrrr.
583 4088 609 4135 et
619 4084 727 4149 Plautii,
738 4089 816 4153 atque
827 4098 844 4135 a
854 4102 907 4137 xro.
919 4082 1027 4137 Kallul.
1040 4085 1095 4137 eius
1105 4085 1167 4137 anni
1179 4084 1211 4137 ad
1223 4102 1259 4139 rr.
1273 4084 1353 4153 Tybi,
1365 4100 1416 4153 quo
1429 4082 1548 4137 lentulus
1559 4082 1580 4128 el

434 4171 494 4225 Piso
506 4185 573 4221 cess.
583 4168 700 4234 luerunt,
711 4186 750 4222 ru
760 4170 864 4223 lunares
875 4184 978 4223 menses
989 4168 1175 4224 intercessisse.

334 4268 356 4308 ι·
364 4256 409 4301 211.
502 4252 569 4314 Τινὲς
580 4252 609 4305 el
617 4270 688 4322 pomo
700 4251 734 4313 ὡς
746 4253 805 4306 biso
817 4256 912 4324 μῆνας]
937 4252 966 4307 Si
977 4254 1090 4307 nutelem
1101 4254 1200 4309 domiui
1212 4272 1248 4308 ιι.
1259 4254 1338 4325 tybi,
1351 4254 1405 4307 sire
1417 4255 1471 4307 Ian.
1481 4272 1515 4307 νι.
1527 4264 1579 4303 oon·

434 4341 564 4395 stituerint
574 4338 702 4409 opinionis
712 4338 783 4392 illius
790 4339 918 4403 uindices,
929 4344 1081 4409 conceptum
1093 4341 1148 4393 eius
1159 4340 1223 4410 ipsis
1235 4338 1342 4394 Kalend.
1352 4340 1446 4411 Aprilis
1456 4334 1579 4408 posusrlul

435 4431 542 4496 oportet
564 4425 649 4494 Aquo
661 4422 702 4477 die
713 4423 747 4476 ad
757 4442 793 4477 νι.
803 4424 858 4479 lan.
872 4438 975 4477 menses
985 4431 1163 4478 ¹numerentur
1174 4442 1215 4489 rr,
1231 4424 1286 4479 dies
1298 4442 1341 4489 xv,
1357 4426 1401 4495 qui
1417 4430 1479 4477 sunt
1491 4422 1543 4475 dies
1556 4419 1578 4469 lt

433 4517 517 4564 toturn
527 4509 584 4565 281.
603 4508 710 4573 Quodsi
721 4524 754 4560 ex
765 4508 1075 4562 communieenteutlnin
1087 4524 1147 4563 xxv.
1156 4510 1218 4563 Deo.
1229 4512 1342 4563 natalem
1354 4509 1516 4571 contulerint,
1526 4518 1577 4557 cou-

435 4601 524 4663 oeptus
536 4594 631 4649 Christi
642 4593 710 4647 cadit
720 4593 747 4646 in
758 4594 845 4646 Martii
856 4612 900 4647 xx.
912 4592 1072 4664 Epiphanius
1083 4610 1145 4647 roro
1156 4610 1203 4666 pro
1216 4602 1345 4666 comperto
1357 4594 1448 4648 hahuit
1458 4592 1577 4646 Ohristum

433 4684 525 4731 uatum
536 4696 594 4733 esee
604 4680 711 4742 rr.1sn.,
723 4694 790 4747 quae
800 4676 851 4730 tuit
862 4678 1049 4749 Aegyptiorum
1061 4676 1157 4748 opinio.
1188 4678 1351 4751 Quamquam
1364 4686 1449 4733 utrum
1461 4692 1492 4731 es
1503 4678 1540 4731 dle
1549 4672 1577 4725 sil

433 4769 511 4816 natus
527 4764 658 4818 dubitasse
674 4764 805 4825 ridentum
822 4769 851 4815 ut
863 4764 1003 4817 Cassianus
1016 4780 1041 4818 x.
1055 4762 1118 4817 0011.
1130 4780 1186 4835 cap.
1196 4782 1225 4818 rr.
1236 4765 1376 4835 signifieat.
1400 4764 1517 4817 Olemsns
1528 4758 1576 4813 Ale

434 4846 711 4903 meminissem.
722 4848 807 4901 sarim
817 4864 851 4901 ea
860 4848 892 4901 de
903 4865 932 4903 re
943 4849 1085 4903 sententiae
1097 4848 1182 4903 refert
1200 4848 1234 4903 Ut
1246 4866 1348 4915 eorum,
1360 4850 1405 4920 qui
1417 4866 1476 4903 sss.
1486 4843 1574 4901 Pschoi
