3650 5642
294 778 337 832 ld
348 781 391 846 ut<
403 774 496 844 xiim
507 772 539 829 ti
550 773 714 846 βωκιιιιτι]
730 770 1027 842 Portawiuisoe

595 929 642 984 AD
663 925 818 982 lUDAlShiI
833 925 1016 980 HAERESES.

295 1035 447 1106 ’redama
463 1032 552 1086 lusio
564 1031 701 1104 μερισθείς]
727 1031 766 1084 Ι)ο
781 1029 893 1084 Iudaicis
912 1029 1068 1083 factionibus
1088 1029 1208 1102 deinceps
1231 1029 1299 1100 agit,
1319 1044 1384 1099 quse

241 1120 403 1176 antechristi
422 1121 564 1173 adventurn
582 1124 703 1188 septenas
719 1121 844 1170 recenset
873 1113 947 1179 Quod
963 1114 1094 1176 πλαιυιιῶς
1115 1121 1142 1168 et
1156 1116 1249 1186 pingui
1267 1115 1385 1169 Μίιιιιιιι

239 1209 322 1262 &aar
333 1213 382 1262 est
409 1206 478 1260 liam
489 1211 543 1258 tres
554 1209 655 1258 toneat
665 1203 735 1273 apud
745 1201 854 1256 ludaeos
866 1201 948 1255 foisse
959 1207 1058 1265 sectas;
1076 1206 1206 1265 caeteras,
1222 1217 1288 1280 quae
1300 1218 1316 1254 a
1326 1201 1384 1255 Phi·

240 1295 327 1358 latrio,
337 1293 438 1347 Isidoro
450 1298 478 1345 et
486 1290 537 1345 hoc
546 1296 636 1343 nostro
646 1293 830 1352 numerantur,
846 1287 941 1357 partim
957 1286 1112 1340 ludaeorum
1125 1303 1179 1340 non
1190 1303 1247 1340 esse
1258 1288 1384 1357 proprias,

240 1381 318 1450 partim
328 1396 362 1432 ne
372 1377 495 1432 haereses
507 1375 612 1446 quidem
619 1375 714 1439 rideri,
730 1374 825 1444 partim
841 1373 952 1443 denique
969 1373 1082 1426 atribne
1098 1372 1150 1426 illis
1166 1373 1316 1428 matricibus
1331 1390 1385 1426 non

240 1483 287 1518 ese
305 1465 454 1528 detinens,
474 1479 542 1533 qnae
567 1467 630 1515 sunt
650 1459 859 1522 Pharisaeorum,
886 1457 1110 1522 Sadducaeorum,
1136 1457 1301 1516 umorum.
1346 1459 1385 1512 De

240 1553 319 1622 quibus
333 1551 460 1620 quonism
480 1563 584 1601 summa
601 1563 661 1600 cum
680 1545 824 1600 eruditione
842 1560 873 1597 ao
892 1543 1029 1614 diligentis
1044 1542 1174 1597 Serrarius
1194 1549 1283 1598 noster
1303 1547 1385 1600 tribus

241 1637 302 1689 libris
312 1635 449 1699 disseruit,
459 1640 487 1686 et
498 1649 565 1703 quae
575 1633 608 1686 de
619 1633 652 1685 iis
663 1632 796 1685 observari
805 1647 823 1684 a
833 1646 876 1683 me
886 1634 994 1700 possent
1005 1630 1141 1700 occupavit
1152 1631 1252 1694 omnia,
1265 1631 1386 1700 cupidum

240 1738 315 1775 earnm
326 1737 417 1775 rerum
426 1720 551 1773 lectorem
562 1719 595 1771 ad
605 1719 675 1771 illius
686 1716 891 1771 lucubrationem
899 1714 1081 1768 dimittendum
1091 1715 1177 1786 potius
1187 1715 1295 1770 arbitror
1306 1733 1386 1786 quarn

239 1809 311 1860 otiose
320 1807 477 1878 repetitione
493 1803 667 1858 detinendum
694 1802 817 1856 Conferet
827 1801 942 1855 etiamsi
953 1801 1024 1854 lubet
1035 1815 1095 1854 curu
1106 1799 1215 1854 Serrarii
1225 1799 1385 1854 'l'rihseresio

240 1909 263 1943 sc
272 1893 416 1958 HinerraH,
434 1907 502 1961 quae
513 1890 623 1943 Drusius
634 1895 661 1942 et
672 1889 717 1942 alii
728 1889 833 1958 qnidam
844 1887 876 1940 de
886 1887 978 1940 eodem
986 1891 1140 1957 argumento
1149 1887 1315 1957 scripserunt
1331 1887 1386 1940 Nos

240 1979 298 2030 euim
308 1978 349 2032 bic
359 1993 395 2030 ea
405 1983 507 2031 tantum
525 1975 706 2030 adnotabimus
723 1989 790 2044 quae
801 1974 834 2027 ad
850 1972 1035 2026 illustrandum
1051 1971 1225 2044 Epiphanium
1239 1973 1387 2027 necessaria

240 2063 392 2117 ridebuntur.
712 2079 716 2088 ·

535 2198 580 2252 ΒΕ
597 2197 807 2252 senoncsuls
824 2195 990 2252 sensuale
1006 2196 1078 2252 XIV.

294 2320 393 2390 Πρῶτοι
404 2311 569 2371 &ideoideo
579 2316 733 2389 ἀπόσπασμα
744 2313 830 2386 ierac]
848 2317 980 2382 Quantum
995 2333 1029 2371 ex
1040 2317 1094 2383 his,
1110 2333 1177 2388 quse
1188 2317 1347 2389 Epiphanius
1359 2320 1387 2372 in

241 2405 355 2460 mestus
366 2405 493 2477 prodidit,
505 2406 593 2475 colligi
606 2411 705 2476 potest,
721 2405 772 2459 duo
788 2406 860 2458 ioere
876 2403 1002 2458 Dosithei.
1036 2405 1121 2470 Alter,
1136 2404 1255 2474 idemque
1270 2411 1387 2476 tempore

242 2494 364 2560 pesterim,
385 2493 579 2556 Samaritanus,
596 2493 670 2545 onius
686 2492 806 2545 meminit
822 2492 962 2562 Origenes,
978 2491 1043 2544 alter
1054 2491 1132 2560 longe
1148 2491 1289 2560 antiquom
1307 2507 1386 2561 aquo

242 2585 385 2648 propagatos
397 2595 457 2630 esse
468 2577 617 2632 Seducsees
627 2595 681 2632 non
691 2577 852 2650 Epiphanius
863 2578 962 2641 solnm,
978 2576 1024 2630 sed
1035 2577 1114 2630 etiam
1125 2576 1296 2645 Hieronymus
1307 2581 1386 2630 testa-

244 2670 288 2725 tar,
297 2665 410 2734 Dialogo
420 2669 513 2717 contu
522 2663 633 2717 Lucifer.
649 2662 673 2713 Τ
671 2681 746 2727 aceo,
756 2663 855 2734 inquit,
867 2666 899 2716 ds
910 2664 1038 2716 Iudaismi
1049 2661 1198 2726 donadeis,
1216 2667 1259 2731 qni
1270 2671 1328 2716 ante
1340 2666 1386 2716 ad·

244 2760 325 2801 testas
347 2751 448 2802 Christi
468 2751 547 2818 opem
570 2751 693 2802 auditam
716 2751 887 2819 disparem:
907 2751 974 2818 qood
994 2747 1141 2811 Dositheou,
1167 2747 1387 2802 Samamtarwmcm

240 2839 360 2905 princeps,
375 2835 518 2905 propbetas
526 2837 685 2905 repudiavit,
701 2837 768 2903 quad
780 2833 931 2888 Sadducaei
941 2853 972 2888 ea
982 2836 1052 2887 iliius
1062 2835 1154 2886 radice
1171 2831 1301 2888 obruentes
1312 2839 1388 2888 etiam

243 2927 437 2974 recausationem
448 2925 538 2973 carnis
548 2931 709 2989 depaverunt.
735 2919 776 2973 ux
787 2919 904 2974 Desithei
915 2935 978 2990 ergo
989 2919 1076 2973 radice
1086 2920 1142 2973 neti
1157 2925 1219 2973 snut
1230 2919 1387 2985 Sadducaei3

243 3006 299 3072 qood
309 3013 348 3058 est
358 3007 429 3059 idern
441 3011 520 3076 etque
531 3004 684 3078 ἀπόσπασμα
693 3006 776 3060 fuisse
786 3008 837 3057 τῶν
849 3005 978 3058 haurdins.
1007 3003 1042 3058 Ut
1056 3006 1144 3062 mirari
1159 3005 1276 3076 Scaliger
1287 3006 1389 3060 desinat

243 3091 270 3142 ab
278 3091 418 3162 lipiphanio
429 3092 457 3144 id
468 3109 526 3145 esse
537 3094 670 3163 seriptum
704 3093 794 3163 ltaque
809 3090 952 3145 Dositheou
965 3091 1093 3145 eludaeis
1110 3091 1143 3144 ed
1154 3092 1331 3146 Samaritanus
1344 3091 1387 3145 de·

243 3175 318 3229 tricos
327 3178 487 3249 peculiarem
497 3179 550 3232 illic
561 3185 660 3232 sectam
670 3177 792 3232 condidit.
819 3177 904 3242 Quam
915 3181 1005 3250 postea
1016 3177 1135 3232 Sudohus
1146 3177 1317 3249 interpolavit,
1328 3195 1387 3232 cum

245 3263 696 3332 eipseaddsmaritsnoseludaeie
706 3265 859 3319 transiisset
1187 3312 1191 3322 .

298 3347 494 3420 Ἐποιοράζοισι
504 3349 532 3402 bi
543 3344 611 3402 οὗτοι
622 3348 742 3419 taureis]
771 3351 901 3404 saducaei
916 3350 1027 3421 passim,
1045 3350 1114 3422 apud
1131 3349 1244 3404 Graecos
1264 3352 1387 3418 maxime,

244 3435 386 3499 armostai
398 3436 558 3503 scribuntur,
570 3438 722 3507 quesisseet
731 3441 829 3529 pm.
847 3437 923 3508 Apud
932 3453 992 3491 uxr.
1003 3437 1199 3506 antiquissimus
1206 3437 1250 3490 ille
1259 3439 1387 3504 sacerdos,

210 3573 216 3588 ι
244 3517 336 3572 Σαδούκι.
362 3521 403 3573 De
416 3537 468 3590 quo
480 3523 583 3593 copiose
595 3523 725 3577 Semrius
736 3539 767 3575 sc
778 3522 895 3575 Drusius.
930 3521 1024 3576 Sadoci
1040 3537 1116 3593 porro
1129 3523 1237 3576 extitere
1249 3523 1313 3578 duo:
1325 3541 1389 3595 quo·
1491 3528 1494 3534 '

244 3621 291 3656 rom
302 3622 366 3658 unus
377 3606 509 3660 duntaxat
525 3609 559 3661 sb
570 3608 714 3679 Epiphanio
732 3613 906 3673 memoratus,
922 3609 967 3678 qui
978 3607 1084 3662 Daridis
1102 3613 1128 3662 et
1143 3607 1290 3664 Salomonis
1304 3617 1388 3664 aetate

244 3690 311 3754 vixit,
321 3692 386 3744 aiter
396 3692 507 3762 Antigni
518 3693 674 3764 discipulus,
687 3695 760 3747 cuius
772 3695 858 3747 socius
870 3700 896 3747 et
907 3693 1098 3764 condiscipulos
1110 3693 1160 3747 fuit
1170 3694 1291 3762 Baithos,
1303 3703 1331 3750 ut
1343 3715 1388 3751 au-

246 3784 278 3828 ter
291 3784 326 3830 est
340 3777 412 3831 Elias
429 3778 458 3831 in
474 3777 573 3832 'l'hisbi
606 3780 646 3833 Ab
661 3778 710 3833 hoc
727 3781 870 3850 posteriore
880 3779 1007 3834 Saduouei
1025 3795 1086 3834 cum
1097 3781 1198 3850 origine
1208 3799 1304 3838 nomeu
1316 3799 1388 3838 aece-
1414 3791 1474 3845 ass.

246 3871 331 3930 petunt
363 3863 470 3918 Etenim
481 3865 559 3918 ambo
569 3865 609 3920 illi
619 3883 635 3918 a
645 3871 812 3936 praeceptore
828 3866 998 3920 desciscentes
1015 3866 1102 3938 legem
1118 3871 1250 3921 oretenus
1268 3871 1389 3924 traditam

246 3949 404 4018 dommum,
416 3965 501 4019 neque
513 3951 599 4016 elteri,
611 3968 689 4021 quam
701 3950 770 4021 qnod
781 3952 847 4021 legis
859 3951 954 4022 scripto
964 3958 1031 4005 esset
1040 3967 1206 4022 expressum,
1218 3953 1389 4010 adhibendam

246 4031 309 4086 idem
318 4041 455 4105 putarunt:
467 4052 502 4088 ex
513 4052 566 4107 quo
577 4039 684 4125 nerem?
693 4034 819 4100 Kenaios,
831 4037 906 4106 qussi
919 4037 1050 4089 Teumales
1060 4038 1128 4092 dicti.
1138 4037 1208 4092 Haeo
1217 4038 1295 4094 Elias.
1312 4041 1389 4094 Addit

247 4117 362 4174 rorslm
376 4120 496 4174 Zachnth
507 4121 592 4175 Sudoo
608 4127 634 4175 et
644 4121 767 4175 Baiethos
783 4122 817 4175 ad
831 4121 1008 4176 Samaritanus
1026 4128 1052 4175 et
1070 4121 1246 4178 Garisitanum
1262 4127 1388 4196 ternplum

246 4212 363 4275 receptum
372 4205 505 4260 habuisse.
538 4207 589 4260 Sed
600 4208 658 4261 fieri
667 4212 766 4279 potest,
781 4213 812 4261 ut
827 4208 954 4261 Ssdncaei
968 4208 1019 4278 ipsi
1035 4209 1146 4278 apriore
1160 4209 1205 4263 illo
1222 4225 1252 4264 ao
1268 4212 1388 4264 vetustis·

247 4289 300 4343 sino
311 4291 433 4361 pontifice
449 4292 573 4346 oriundos
589 4309 646 4346 sese
661 4294 776 4364 profiteri
792 4295 900 4346 mallent
917 4309 995 4364 quam
1006 4307 1023 4345 a
1033 4295 1176 4364 posteriore
1187 4296 1335 4366 transfuga,
1347 4297 1388 4350 rel

247 4377 311 4428 ctiam
318 4383 348 4429 ut
357 4376 510 4431 amesiae
517 4379 671 4433 vocabulum
683 4385 709 4433 et
718 4380 832 4433 nominis
839 4379 1079 4450 interpretationem
1087 4381 1237 4447 alluderent,
1248 4381 1325 4450 idque
1334 4397 1388 4436 cre-

249 4458 289 4511 trls
298 4467 452 4533 usurparem
461 4465 636 4531 sermombns,
648 4465 717 4535 quod
727 4481 810 4519 unum
819 4465 891 4530 ideo,
902 4465 1085 4536 praetermissa
1096 4467 1178 4521 altera
1189 4483 1218 4520 ec
1231 4467 1329 4522 veriore
1340 4467 1387 4522 Se·

203 4604 204 4607 ,
249 4543 389 4601 dormtum
400 4549 513 4618 origine,
524 4551 736 4604 commemorauit
744 4551 915 4622 Epiphanius.

203 4676 204 4681 ,
302 4631 399 4702 llecips
409 4632 438 4685 bi
449 4633 518 4704 hyras
529 4635 672 4704 ebriosus]
688 4638 801 4690 Actuum
812 4652 867 4708 cap.
878 4653 954 4701 aaut,
967 4636 991 4690 8.
1007 4636 1156 4691 Sadducaei
1167 4641 1230 4690 cmm
1242 4639 1330 4692 dicant
1340 4659 1389 4695 oon

250 4724 516 4783 mamertinum,
534 4738 609 4791 nepes
625 4724 753 4790 carpetam,
771 4740 847 4791 nepe
861 4726 992 4792 φὸνίιιιιιιι
1007 4721 1064 4775 cire
1081 4719 1201 4792 ἄγγελοι,
1218 4721 1274 4776 odra
1286 4730 1387 4796 πνεῦμα.

251 4797 360 4868 Spiritum
375 4810 497 4859 sanamur
511 4804 561 4860 hoc
575 4807 633 4860 loeo
649 4823 701 4860 non
719 4823 787 4860 unus
802 4807 962 4878 Epiphanius
977 4809 1118 4872 intellexit,
1134 4807 1180 4861 sed
1191 4813 1217 4862 et
1227 4807 1387 4866 Philostrins.

251 4883 426 4947 enormes
436 4891 686 4962 stupescentem
696 4891 810 4948 meacm
821 4893 951 4964 ecsugsn
968 4896 1099 4957 sensim,
1113 4892 1210 4964 inquit,
1225 4913 1296 4949 mera
1313 4909 1351 4950 eu
1364 4907 1389 4950 a
