3650 5642
1296 630 1404 709 ⁰031

250 786 313 841 Item
322 786 504 841 ommim.
522 787 685 851 Poeuiteutee,
697 790 741 856 qui
750 791 778 839 in
788 788 934 857 infimitate
943 788 1063 839 uiaticum
1073 786 1244 840 sucbunbtine
1252 792 1405 857 occeperint,

251 891 296 925 sou
303 890 329 924 es
338 874 450 925 credunt
456 873 582 925 obsoletos
587 876 643 924 siue
652 890 740 925 mouns
747 876 911 941 impositione,
921 875 945 923 si
951 876 1144 941 supervixerint.
1160 871 1189 925 In
1198 871 1306 925 Oouetit.
1316 874 1405 943 Apost.

250 956 328 1012 libau
341 973 401 1027 cap.
411 974 464 1011 aaa
474 955 491 1022 ἡ
503 956 640 1028 perpeteris
650 958 843 1027 poenitentibus
853 952 905 1006 iucl
913 960 958 1007 τοῦ
970 955 1109 1025 λσύσματσς
1121 972 1178 1009 esse
1187 957 1287 1011 dicitur.
1303 959 1405 1010 Atvsro

250 1058 340 1094 manns
350 1042 486 1113 impositio
498 1044 602 1112 propria
612 1044 655 1108 τῆς
666 1040 833 1101 ὖποπτώσεως
843 1041 925 1095 iubae
936 1040 1044 1094 videtur.
1073 1040 1129 1105 Quo
1140 1043 1167 1095 in
1180 1042 1263 1112 main
1273 1044 1406 1112 poeniten·

251 1134 286 1179 tea
301 1128 352 1181 sub
370 1127 487 1198 episcopi
504 1143 598 1181 manue
615 1128 752 1191 subibant3
769 1127 838 1181 uncle
854 1129 897 1193 τῆς
913 1124 1078 1186 iconoclastae
1090 1128 1245 1181 uocabulum
1260 1126 1406 1181 deductum.

251 1213 330 1280 Atque
340 1211 393 1265 boc
405 1219 466 1265 ante
476 1218 635 1282 poauemsm
647 1212 837 1265 absolutionem
849 1212 1124 1265 acrecoucilistionem
1133 1213 1238 1282 saepius
1246 1212 1406 1266 lectitabant.

253 1295 279 1348 ln
288 1296 393 1351 laodic.
406 1295 471 1351 cin.
480 1314 536 1352 arx.
547 1298 593 1351 ubi
604 1298 767 1367 liturgiarum
779 1296 990 1350 celebrandarum
1001 1297 1085 1350 iorms
1096 1298 1286 1365 praescribitur,
1298 1296 1352 1367 scapi
1363 1300 1406 1349 τοῦ

253 1380 295 1433 δεῖν
311 1379 361 1452 ἰδία
377 1385 478 1454 πρῶτον
494 1380 556 1452 peric
570 1379 613 1443 ricc
629 1380 726 1453 ὁμιλίας
743 1384 793 1433 τῶν
804 1379 945 1433 ἐπισκόπων
957 1380 997 1433 καὶ
1009 1383 1058 1433 τῶν
1070 1382 1260 1452 αατηχσυμίνων
1272 1381 1346 1454 εὐχὴν
1358 1379 1407 1434 iut-

254 1465 379 1535 crlrietac,
391 1466 434 1519 ael
443 1466 504 1537 perir
512 1450 543 1519 a'o‘
551 1466 653 1529 ἐξελθεῖν
661 1465 718 1527 tob<
727 1466 932 1537 τατηχουμένσσς,
944 1468 993 1518 τῶν
1003 1463 1027 1518 iu
1037 1465 1151 1537 μετανοίᾳ
1159 1466 1201 1533 τὴν
1210 1464 1284 1537 εὐχὴν
1293 1467 1407 1537 plectiles,

255 1550 395 1603 salacitate
407 1551 591 1621 αρσςτλθόντων
599 1551 647 1604 isc'o
656 1555 736 1623 χτῖρα,
749 1548 1022 1623 ααὶὖττοχωρησᾶντων,
1035 1550 1113 1612 οὕτως
1122 1550 1164 1611 τὰς
1176 1549 1248 1621 εὐχὰς
1258 1554 1307 1604 τῶν
1316 1557 1408 1605 πιστῶν

254 1636 354 1705 ymos
364 1638 439 1709 τρεῖς.
473 1636 624 1707 Agathonos
634 1636 714 1691 Oonc.
726 1636 791 1692 Cau.
801 1654 845 1691 ru.
874 1637 1031 1689 Pceoitentee
1042 1647 1162 1706 tempore,
1175 1654 1221 1706 quo
1227 1643 1409 1707 poenitentium

252 1732 344 1790 petent,
354 1727 540 1792 impetitionem
550 1742 667 1776 nocuum
679 1732 704 1775 et
714 1724 826 1775 cilicium
836 1740 913 1793 super
923 1732 1001 1791 caput
1009 1742 1026 1775 o
1034 1724 1173 1786 incertiore,
1181 1727 1247 1774 sicut
1254 1722 1343 1793 ubique
1351 1740 1408 1775 coa·

253 1812 358 1860 simma
369 1818 423 1873 eat,
435 1818 626 1877 consequuntur.
659 1808 726 1861 Item
743 1806 864 1876 Cartbag.
874 1826 909 1860 ιτ.
927 1807 989 1861 Gan.
1002 1824 1081 1863 urar.
1118 1808 1192 1859 Omni
1201 1817 1310 1877 tempore
1319 1810 1410 1861 iuueni

254 1910 335 1944 nesae
338 1894 529 1963 poenitentibus
539 1914 558 1947 α
565 1892 741 1947 sacerdotibus
751 1897 904 1963 imponatur.
921 1892 1011 1962 ltaque
1022 1908 1082 1945 oum
1093 1893 1126 1947 ab
1139 1891 1277 1945 ὖτστετώσει
1288 1892 1321 1946 ad
1332 1908 1409 1962 quar·

258 1984 307 2030 mm
317 1978 439 2033 ordinem
451 1994 482 2031 ac
491 1985 653 2049 postremum
664 1978 819 2048 migrarent,
828 1974 963 2047 probabile
975 1983 1014 2031 eet
1022 1994 1068 2048 per
1081 1978 1272 2048 impositionem
1284 1994 1410 2033 manuum

256 2064 464 2117 sacramentalem
475 2064 528 2117 illis
538 2063 728 2118 absolutionem
739 2063 898 2133 impertitam
907 2062 998 2117 tuisse.
1033 2062 1122 2133 Neque
1139 2064 1220 2128 enim,
1238 2064 1306 2134 quod
1320 2065 1409 2129 sciam,

257 2148 347 2218 antiqui
357 2164 476 2202 canones
486 2155 548 2219 poet
558 2149 674 2201 σύστασιν
685 2148 876 2219 poenitentibus
887 2149 1036 2218 impositam
1048 2164 1105 2201 esse
1116 2148 1277 2219 significant,
1294 2148 1340 2203 ssd
1352 2164 1410 2203 eam

256 2232 443 2303 inpositionem
460 2249 520 2287 cum
537 2232 678 2286 ὂτσκτὼστι
695 2235 864 2304 coniungunt
900 2233 972 2297 Quae
987 2234 1134 2287 coniectura
1149 2234 1172 2287 si
1183 2236 1225 2287 cui
1235 2234 1344 2288 forsitan
1355 2234 1410 2304 pla·

259 2320 344 2384 ετσείτ,
361 2319 397 2373 acl
413 2319 540 2372 nonnulla
551 2325 655 2389 patrum
666 2320 725 2373 loca
741 2318 874 2374 mnsierri
891 2318 1132 2389 accommodarique
1147 2321 1254 2390 poterit,
1271 2321 1298 2373 in
1315 2318 1410 2389 quibus

257 2404 411 2471 pauitantia
421 2404 479 2457 siue
490 2406 672 2458 communione
683 2406 760 2458 certis
772 2405 952 2475 peccatoribus
967 2418 1091 2457 concessu
1105 2404 1208 2474 legitur.
1242 2403 1276 2457 Ut
1293 2420 1352 2457 cnm
1369 2404 1410 2457 In·

258 2490 388 2543 nocentius
399 2504 470 2559 papa
479 2490 576 2555 scribit,
588 2490 651 2543 olim
662 2490 703 2554 iis,
715 2491 760 2560 qui
770 2490 1006 2543 reconciliationem
1018 2490 1068 2542 sub
1077 2495 1222 2543 extremum
1230 2496 1333 2559 tempus
1342 2490 1411 2541 ritae

258 2575 433 2642 postulabant,
449 2580 548 2644 negata
563 2576 759 2640 communione,
777 2590 928 2628 concessam
945 2590 1002 2627 esse
1017 2574 1210 2645 poenitentiam.
1245 2574 1311 2627 Nam
1323 2574 1411 2645 poeul-

257 2661 344 2713 lentiae
354 2660 465 2713 nomine
476 2660 671 2714 sacramentalis
683 2660 812 2714 absolutio
826 2666 913 2730 potest
927 2660 1037 2729 intelligi
1054 2674 1131 2730 quam
1146 2660 1211 2713 citra
1222 2659 1345 2713 dominici
1355 2674 1411 2713 cor-

259 2745 319 2813 poris
329 2746 557 2817 perticipationem
568 2746 771 2817 impetraverint
802 2744 946 2815 Cyprianus
963 2746 1069 2815 insuper
1085 2744 1165 2815 Epist.
1180 2762 1225 2810 xr,
1242 2754 1301 2799 ante
1318 2754 1411 2809 uotam,

261 2830 346 2899 iuquit,
356 2836 552 2903 poenitentiaea,
569 2843 629 2885 onte
640 2832 836 2900 eslomoiopeeio
845 2834 995 2899 prosumni
1010 2840 1083 2900 utque
1094 2834 1199 2883 extremi
1209 2832 1297 2884 delicti
1299 2836 1411 2901 suctum,

261 2924 311 2968 onte
320 2934 423 2970 nam
435 2918 469 2969 ot
481 2921 597 2987 episcopo
608 2926 634 2969 et
643 2918 711 2970 ciero
721 2920 938 2987 inpoenitentium
950 2921 1099 2986 inpositam.
1134 2915 1173 2969 lbi
1189 2916 1349 2986 poenitentia
1365 2930 1411 2985 pro

262 3000 415 3056 absolutione
431 3002 550 3072 usurpari
560 3000 668 3066 ridetur,
686 3008 716 3055 ut
732 3006 758 3055 et
773 3001 837 3055 alibi
852 3002 964 3072 passim,
981 3002 1083 3070 quoties
1101 3000 1132 3054 ds
1148 3002 1358 3055 reconciliatione
1375 3003 1412 3055 lo·

262 3101 334 3154 queue
342 3088 378 3141 ils
389 3086 476 3140 verbis
487 3088 576 3152 utitur,
588 3106 665 3140 seona
676 3091 704 3139 a'n
711 3090 894 3157 poesntentioas
904 3091 1031 3157 impositu.
1059 3086 1185 3150 Quocirca
1195 3088 1223 3139 in
1234 3086 1286 3140 fine
1298 3091 1339 3153 τῆς
1351 3085 1412 3139 isco-

263 3170 370 3235 ττῶσως
385 3173 488 3226 iortean
504 3188 599 3226 manus
614 3174 641 3226 in
657 3172 846 3243 poenitentiam
857 3172 980 3241 imposita
991 3170 1052 3236 init,
1067 3170 1117 3223 boo
1133 3178 1173 3224 eet
1184 3172 1312 3225 absolutio
1323 3188 1412 3225 recun-
1438 3183 1512 3235 pact

263 3256 401 3329 ciliatioque
413 3257 475 3310 iata
485 3259 691 3327 poenitentibus,
703 3259 741 3311 sic
751 3264 782 3310 ut
790 3256 919 3326 tantisper
930 3272 945 3310 a
956 3256 1086 3325 mysteriis
1099 3256 1264 3310 abstinerent.

319 3344 416 3397 Verum
428 3360 461 3396 ne
472 3342 533 3396 huic
544 3344 708 3397 coniecturae
718 3344 829 3397 nimium
845 3340 986 3406 conlidens,
1004 3356 1084 3393 unum
1099 3340 1164 3393 illud
1181 3340 1243 3395 iacit
1259 3340 1328 3411 qnod
1339 3346 1412 3395 retu·

264 3426 360 3481 tissimi
377 3435 478 3499 patres,
495 3430 676 3500 imprimisque
693 3429 836 3499 Cyprianus
853 3433 914 3497 post
934 3426 1128 3497 exomologesin
1146 3434 1340 3497 extremumque
1357 3442 1412 3481 ma·

264 3526 334 3565 unum
349 3514 544 3584 impositionem
562 3515 650 3568 statim
665 3514 698 3567 acl
714 3514 896 3583 mysteriorum
912 3514 1121 3565 communionem
1139 3513 1179 3565 ins
1191 3512 1312 3566 babuisse
1324 3514 1412 3585 poeni-

264 3601 337 3650 tentes
347 3616 401 3652 non
414 3600 524 3653 obscure
535 3600 723 3653 demonstrant,
739 3600 784 3653 Sic
795 3599 821 3651 in
834 3598 914 3669 Epist
924 3617 949 3651 r.
963 3598 995 3651 ad
1005 3596 1120 3651 Olenum:
1133 3598 1202 3651 Il⁷om
1212 3616 1266 3650 cum
1276 3603 1302 3651 in
1311 3603 1412 3652 minori-

266 3678 302 3731 itt
313 3689 429 3752 pcccatis
444 3684 579 3755 (Cypriani
595 3686 674 3738 verbo
689 3686 761 3754 sunt)
779 3694 861 3753 apost
870 3692 1022 3755 peccatores
1030 3688 1209 3754 poenitentium
1222 3688 1285 3737 iusto
1297 3694 1413 3756 tempore,

266 3772 422 3823 secem
434 3772 588 3839 &scepticae
598 3773 711 3823 oraticnem
723 3772 760 3823 aci
771 3772 951 3838 eromoiopeain
962 3774 1074 3833 sepiunt,
1088 3778 1112 3822 et
1119 3788 1168 3840 per
1179 3788 1268 3822 munus
1278 3774 1413 3841 impositio·

267 3868 311 3902 uest
326 3859 440 3924 episcopi
455 3864 480 3909 ct
496 3858 560 3908 cleri
575 3860 616 3908 ius
633 3860 865 3908 communicationis
882 3860 1028 3925 occipiunt,
1046 3874 1110 3907 uscue
1123 3858 1201 3908 esurio
1219 3866 1340 3925 tempore,
1352 3874 1412 3927 pes·-

267 3944 379 3992 mtiose
390 3940 476 3993 adbuc
482 3950 672 4009 perseverante,
685 3944 791 3994 noudum
801 3944 919 3993 restituta
930 3942 1050 3993 ecciesiae
1059 3944 1139 4010 ipsius
1143 3958 1212 4010 poce
1216 3980 1223 4004 ,
1236 3944 1273 3993 ud
1281 3946 1412 3993 commuui-

268 4026 378 4075 tutiosess
390 4026 564 4089 admittuntur,
576 4037 601 4079 et
610 4030 717 4097 offertur
728 4044 814 4079 nomen
826 4044 921 4089 corum,
939 4034 963 4077 et
977 4028 1082 4077 uossdum
1097 4028 1252 4093 poenitentia
1264 4038 1337 4091 ocio,
1354 4045 1412 4079 stou·

269 4107 317 4157 inse
327 4112 581 4179 mmohpeeisncto,
594 4114 700 4165 noudum
709 4130 785 4164 manu
794 4115 831 4164 eis
839 4112 872 4163 nb
882 4115 998 4181 episcopo
1008 4118 1031 4161 ut
1039 4112 1106 4161 ciero
1114 4113 1243 4179 imposita,
1256 4112 1412 4163 eucharistia

268 4191 312 4241 uto
322 4196 405 4249 teter.
435 4194 505 4249 liam
517 4198 610 4267 repetit
620 4197 700 4267 Epist
711 4214 747 4250 rr.
760 4214 790 4249 ac
802 4214 848 4249 111.
861 4203 888 4249 et
899 4194 1029 4248 sexcentis
1042 4194 1100 4246 aliis
1111 4195 1184 4249 locis.
1217 4196 1257 4249 Er
1270 4196 1363 4266 quibus
1376 4194 1412 4248 ei·

269 4273 349 4343 tenu,
365 4280 471 4333 nonnisi
487 4289 592 4351 peracta
608 4282 779 4351 poenitentia,
800 4287 826 4334 et
845 4283 894 4334 sub
915 4281 993 4334 finem
1014 4276 1151 4340 συστάσεως
1168 4288 1325 4350 postremam
1342 4280 1413 4333 illam

269 4374 382 4417 monum
397 4366 601 4435 impositionem,
619 4382 672 4436 qua
692 4368 884 4420 sacramentalis
901 4364 1030 4419 absolutio
1050 4366 1235 4429 continebatur,
1252 4365 1413 4435 poenitentes

270 4446 410 4503 obtinuisse.
438 4448 508 4505 Nihil
524 4452 595 4504 enim
610 4452 678 4504 inter
693 4468 784 4521 pacem
801 4458 828 4505 et
838 4450 1073 4505 reconciliationem
1090 4468 1120 4504 ao
1136 4450 1317 4519 mysteriorum
1335 4450 1413 4519 parti·

271 4530 424 4600 cipandorum
436 4536 478 4589 lua
494 4536 709 4605 interponendum
720 4538 828 4602 videtur,
844 4544 870 4590 et
885 4544 1021 4605 utrumqne
1038 4536 1226 4590 communionis
1241 4534 1413 4605 appellatione

272 4620 490 4689 comprehenditur.
507 4622 554 4675 llic
566 4622 646 4691 igitur
655 4620 750 4693 ἐπέχω,
763 4624 845 4693 deque
857 4640 888 4675 ea
899 4638 927 4675 re
939 4622 1072 4675 doctorum
1084 4628 1111 4674 st
1121 4620 1282 4691 antiquitatis
1294 4622 1414 4675 ecclesis·

273 4702 339 4757 alicae
349 4708 526 4761 consultorum
538 4704 673 4761 hominum
684 4708 809 4761 indicium
821 4714 938 4779 expecto.

327 4789 357 4846 li.
370 4808 387 4847 r.
410 4784 491 4854 (litor
503 4789 517 4844 i
529 4792 661 4861 Νσβᾶτσς]
692 4793 730 4847 De
742 4792 836 4847 Novati
848 4801 874 4847 et
883 4792 1021 4846 Novatiani
1032 4790 1178 4845 discrimine
1191 4796 1277 4846 actum
1290 4798 1330 4847 est
1341 4794 1413 4849 initio

275 4877 397 4945 nemoris
405 4877 539 4933 diatribae.
559 4876 615 4943 Quo
625 4887 740 4950 tempore
748 4896 824 4947 sero,
835 4878 955 4951 quisquis
965 4880 1009 4933 ille
1018 4884 1071 4945 est,
1082 4876 1196 4933 haeresis
1207 4886 1282 4935 autor
1293 4880 1414 4945 extiterit,
