3650 5642
1244 682 1247 699 ,
1287 622 1388 683 uuum

243 780 363 845 inciderit,
375 781 497 852 postridie
507 778 695 851 xerophagiam
706 779 871 834 inchoabant
891 781 921 833 lu
933 779 1272 835 Tessareseuedeeatitarum
1284 781 1392 847 haeresi,
1418 788 1492 842 prae.

245 883 302 935 quae
311 872 352 919 est
362 866 589 937 quinquagesima,
600 882 674 920 uum.
683 884 713 919 ιι.
724 866 756 918 de
767 865 858 918 diebus
870 867 926 936 agit
937 884 1003 937 quos
1015 872 1075 921 auto
1084 864 1214 937 paschatis
1223 868 1328 921 solenne
1338 874 1392 921 tam

244 950 322 1004 ludaei
331 968 412 1021 quam
424 950 562 1009 Christiani
572 951 747 1005 celebrabant
768 949 943 1021 Reprehendit
953 952 1022 1004 enim
1034 950 1189 1016 haereticos,
1207 953 1252 1022 qui
1268 952 1301 1005 ad
1312 968 1393 1005 unum

245 1036 302 1089 lien
312 1043 461 1107 respectum
470 1034 608 1100 haberent,
619 1050 680 1089 eum
692 1052 708 1088 a
720 1035 819 1088 decimo
831 1035 873 1089 die
884 1050 982 1105 agnum
992 1036 1070 1106 deligi
1079 1036 1256 1107 assemarlqne
1265 1037 1309 1090 lex
1320 1053 1392 1108 prae·

244 1123 335 1193 reperit.
360 1121 432 1175 Unde
444 1121 558 1191 quinque
569 1121 665 1174 abillis
677 1120 731 1174 dies
744 1121 875 1174 observari
886 1121 1035 1174 debuerant.
1067 1120 1106 1173 De
1117 1120 1218 1175 Iudaeis
1229 1123 1298 1175 enim
1310 1138 1340 1175 ao
1353 1122 1393 1175 lu·

245 1208 394 1261 hiantibus
405 1206 644 1271 Quartadecimauis
655 1206 778 1275 loquitur.
813 1206 892 1259 Porro
909 1206 998 1259 ludaei
1013 1222 1073 1259 cum
1090 1206 1190 1259 decima
1205 1212 1297 1277 quarta
1309 1206 1349 1259 die
1361 1206 1394 1260 sd

245 1308 369 1361 ruperam
384 1290 481 1362 pascha
495 1296 649 1362 peragerent
664 1296 691 1344 et
707 1290 808 1344 decima
823 1291 866 1345 die
881 1307 980 1361 agnum
991 1298 1125 1361 caperent,
1143 1292 1268 1345 rsolidos
1284 1292 1338 1345 dies
1355 1308 1394 1345 ra-

245 1376 325 1445 igloui
339 1375 473 1447 paschatis
489 1376 672 1431 attribuebant.
708 1375 763 1429 lmo
774 1392 835 1429 vero
852 1392 912 1429 cnm
924 1382 1036 1429 exeunte
1048 1392 1100 1431 ιιι.
1113 1390 1211 1445 egnum
1222 1376 1394 1441 immolarent,

244 1463 339 1515 ineunte
349 1478 460 1533 vespera
470 1480 513 1515 rr.
524 1460 602 1515 huius
613 1460 663 1515 hoo
674 1468 714 1515 est
724 1479 766 1514 ιν.
777 1467 878 1531 partem
890 1462 1019 1526 libabant,
1036 1460 1152 1531 adeoque
1164 1478 1191 1514 νι
1203 1460 1258 1514 dies
1274 1461 1395 1515 observa·

246 1546 308 1611 bant,
318 1564 373 1600 non
384 1562 464 1600 uuam
472 1546 607 1602 duntaxat.
625 1546 711 1610 Quare
721 1562 771 1599 uos
782 1562 813 1599 eo
824 1547 894 1611 loco,
906 1546 933 1599 id
945 1552 985 1599 eat
995 1562 1056 1617 pag.
1066 1545 1125 1609 tut.
1137 1564 1162 1611 r,
1174 1545 1199 1601 2.
1210 1544 1225 1612 ὴ
1239 1543 1300 1613 αὖτὴ
1312 1562 1395 1597 atau-

246 1630 362 1697 καιδεκάτη
371 1629 600 1703 dxchmoespro
608 1628 851 1703 τεσσαρεςκυιιδνκάτη
864 1630 1055 1685 reecdbendum
1064 1637 1195 1702 putemus.
1213 1629 1295 1695 Quam
1307 1648 1394 1685 emen·

246 1715 364 1771 auom
375 1718 505 1771 mamutio
515 1717 573 1788 ipsa
582 1717 705 1788 postulat.

302 1800 365 1855 utu
375 1800 425 1873 γὰρ
436 1800 462 1863 εξ
472 1800 663 1869 firmissime]
692 1802 807 1855 Multum
823 1802 970 1873 implicatus
987 1818 1018 1857 eo
1035 1802 1182 1856 salebrosos
1199 1800 1241 1855 hio
1256 1800 1329 1855 looue
1347 1807 1394 1867 est,

247 1886 376 1954 quinetiam
393 1888 520 1959 superiori
535 1887 669 1941 doctrinae
679 1887 787 1941 minime
798 1892 988 1940 consentaneus
999 1888 1112 1951 videtum
1129 1902 1181 1957 qua
1196 1886 1330 1940 delinitum
1346 1892 1394 1951 est,

247 1972 301 2025 siin
315 1972 460 2043 aliquame
478 1990 526 2026 sex
541 1971 719 2027 hebdomadae
729 1972 803 2025 feriis
819 1989 873 2025 ιιι.
885 1972 949 2024 luna
965 1972 1097 2037 ceciderit,
1114 1970 1302 2025 hebdomadem
1319 1988 1394 2025 xero-

247 2054 346 2127 phagiae
362 2058 430 2111 inire
447 2058 481 2111 ab
499 2058 613 2113 meando
628 2058 700 2112 teria.
735 2057 878 2127 Fingamus
892 2057 981 2127 itaque
997 2058 1086 2110 lunam
1099 2074 1151 2111 ιιι.
1163 2057 1191 2111 in
1203 2056 1340 2110 sabbatum
1355 2058 1394 2111 iu·

248 2156 347 2207 turrem,
361 2143 471 2213 incipiet
480 2143 670 2215 xerophagiae,
687 2143 742 2196 sire
756 2140 887 2213 paschatis
899 2140 1041 2195 hebdomas
1053 2143 1086 2195 ab
1097 2142 1225 2195 anteriore
1238 2142 1303 2195 leria
1313 2160 1350 2207 ιι,
1366 2148 1395 2195 ut
1481 2206 1483 2209 Ι

248 2225 392 2281 dictumest.
414 2228 494 2298 Atqui
505 2226 570 2281 haec
580 2229 638 2299 ipss
648 2246 685 2282 ιι.
697 2234 738 2281 est
747 2229 822 2292 luna,
833 2244 886 2281 non
900 2246 925 2281 r.
949 2226 1022 2291 Quod
1035 2227 1070 2291 sl,
1082 2232 1112 2279 ut
1123 2226 1270 2297 Scaligero,
1282 2226 1394 2281 Calvisio

248 2312 342 2382 abeqoe
353 2313 442 2366 νὶιιιιι
458 2318 511 2378 est,
528 2312 724 2367 diffundendum
742 2314 776 2365 sit
791 2311 968 2384 xerophagiae
983 2312 1087 2365 initium
1102 2311 1130 2365 in
1144 2310 1236 2364 feriam
1248 2328 1276 2367 ιι.
1290 2312 1394 2365 alterius

248 2394 417 2463 hebdomadis,
432 2397 574 2469 itidemque
587 2396 684 2469 pascha
695 2414 712 2453 a
722 2400 784 2452 luna
794 2416 837 2451 rr.
848 2398 876 2450 ln
887 2414 953 2451 ιιιι.
965 2396 1184 2461 nanslerendon,
1203 2394 1363 2467 xerophagia
1378 2411 1395 2449 a

249 2498 293 2535 ιιι
303 2483 365 2537 luna
374 2481 524 2537 inchoanda
533 2482 624 2548 fuerit,
640 2484 709 2555 quod
726 2484 872 2553 legitimum
888 2498 946 2535 esse
957 2488 1038 2552 negat
1048 2478 1217 2552 Epiphanius.
1252 2480 1336 2544 Quare
1348 2482 1395 2535 rix

249 2574 281 2617 aa
288 2573 315 2620 ut
324 2568 449 2640 expedire
458 2584 507 2622 nos
518 2584 553 2621 ex
563 2566 605 2621 his
615 2569 716 2638 laqueis
726 2568 867 2639 possimne.
902 2568 963 2620 Sive
975 2568 1044 2620 enim
1056 2563 1233 2636 xerophagiae
1244 2567 1328 2637 prima
1339 2566 1394 2619 dies

249 2650 319 2705 inills
328 2652 467 2724 hypothesi
480 2652 590 2707 sitieris
605 2653 731 2717 secunda,
749 2654 782 2705 ab
798 2653 862 2705 luna
872 2670 909 2707 ιι.
922 2651 1109 2706 hebdomadem
1121 2657 1238 2704 muctam
1250 2650 1394 2726 auspicabl-

249 2750 304 2801 nur,
315 2739 369 2792 sire
378 2742 410 2791 ln
421 2744 573 2809 sequentem
582 2738 674 2791 feriam
685 2736 825 2792 secundam
837 2734 970 2791 differatur
980 2738 1050 2791 illius
1061 2737 1180 2802 initium,
1197 2737 1225 2790 iu
1240 2736 1329 2791 lunam
1341 2754 1393 2791 ιιι.

250 2821 337 2876 buta.
369 2824 508 2877 Haesinms
524 2822 566 2876 hie
583 2822 745 2892 aliquandiu,
762 2822 843 2876 donec
860 2828 958 2875 certam
969 2824 1038 2875 mem
1055 2838 1086 2876 ao
1102 2822 1228 2877 rationem
1239 2822 1395 2887 invenimus,

251 2920 293 2975 qua
302 2908 432 2963 ooudliari
442 2906 507 2961 baso
517 2908 584 2961 inter
594 2924 624 2961 ee
634 2908 811 2979 explicarique
821 2913 936 2978 possent
959 2906 1014 2961 lieo
1027 2908 1108 2977 igitur
1119 2908 1152 2960 ad
1164 2924 1224 2961 eum
1236 2907 1333 2961 nodum
1345 2907 1396 2961 die·

252 2992 389 3047 eluendum
401 2994 519 3047 occurrit
546 2992 705 3063 Epiphanius
715 2994 805 3046 lunam
816 2990 929 3063 ὴμερινὴν
941 2989 990 3043 dab
1002 2996 1136 3062 νυκτερινῆς
1149 2992 1266 3046 discerne
1277 2992 1355 3057 solet,
1366 2998 1396 3046 ut

252 3074 345 3132 uhter.
353 3096 389 3133 ιι
401 3095 429 3131 ι.
437 3094 510 3133 ms.
533 3078 600 3131 Nam
610 3078 662 3131 illle
675 3092 743 3148 quse
753 3074 875 3146 νυκτερινὴ
886 3076 1000 3145 exempli
1012 3092 1106 3129 caussa
1118 3074 1230 3143 Ινδεκάτη
1242 3078 1338 3142 fuerat,
1355 3094 1395 3131 se·

253 3148 326 3228 quenti
335 3164 395 3217 lues
408 3161 508 3233 ὴμιρινὴ
519 3160 645 3227 δωδεκάτη
654 3162 755 3226 dicitur,
766 3166 793 3214 et
803 3176 871 3231 quae
881 3158 981 3231 ὴμιρινὴ
994 3158 1119 3225 δωδεκάτη
1132 3160 1225 3214 dicitur
1235 3168 1296 3231 post
1305 3178 1395 3233 respe-

253 3260 296 3299 rsu
306 3247 426 3319 νυκτερινὴ
437 3246 616 3318 apamienam
632 3247 762 3301 nominari
777 3246 875 3315 incipit
908 3244 976 3298 Nam
993 3259 1129 3314 areepera
1145 3244 1213 3298 hem
1230 3247 1317 3299 exorsi
1334 3254 1396 3300 sunt

253 3328 338 3397 ludaeiq
348 3334 408 3387 ideo
420 3334 491 3403 prius
502 3340 628 3386 eoduma
639 3347 718 3402 quam
730 3330 822 3384 diurna
832 3331 895 3383 luua
906 3336 1033 3383 caueatur.
1068 3328 1243 3393 Quamobrem
1255 3332 1303 3383 etsi
1315 3348 1394 3384 νυκτι-

254 3418 306 3480 pavit
323 3425 402 3489 atque
419 3416 529 3489 ὴμερινὴς
540 3416 668 3470 voeabula
683 3432 737 3469 nou
753 3414 922 3486 expresserit,
941 3412 1078 3485 ὁμωνύμως
1094 3430 1157 3467 usus
1176 3412 1278 3468 ridetur
1294 3416 1394 3483 ιιλὴνης

254 3502 370 3557 roobuo.
392 3502 461 3557 Nam
473 3518 532 3556 cum
542 3506 623 3572 negat
633 3518 650 3554 a
660 3518 698 3555 ιι.
709 3502 786 3555 lunae
797 3498 973 3570 xerophagiae
985 3500 1140 3569 principium
1152 3498 1255 3565 deduci,
1267 3500 1313 3553 sed
1324 3516 1341 3553 a
1352 3502 1394 3556 de·

254 3584 320 3651 tima,
330 3589 425 3643 nasibi
435 3588 578 3641 conuenae
589 3588 645 3657 ipse
656 3586 703 3650 sit,
715 3584 746 3638 de
758 3589 879 3654 νυκτερινὴ
890 3584 1098 3654 interpretandus
1111 3592 1157 3639 est
1174 3584 1313 3656 Nunquam
1325 3588 1394 3643 enlm

254 3669 367 3737 wlleus
378 3672 521 3727 hebdomas
532 3672 624 3725 aleria
634 3670 749 3724 secunda
758 3668 876 3723 inchoari
890 3676 990 3739 potest,
1008 3684 1075 3740 quae
1092 3670 1128 3723 eit
1143 3667 1213 3735 ἐνάτη
1230 3671 1351 3742 νυκτερινὴ
1368 3680 1395 3727 et

254 3750 338 3824 ὴιιρννὴ
353 3753 441 3827 ὀγδόη.
474 3756 572 3811 Goutra
581 3772 643 3810 raro
660 3772 721 3809 cum
732 3770 749 3807 a
759 3772 813 3807 ιιι.
821 3755 884 3807 lans
893 3753 1010 3808 eiusdem
1021 3752 1188 3809 hebdomadis
1200 3755 1303 3809 initium
1313 3758 1396 3829 repeti

255 3847 321 3908 begu
329 3840 639 3912 ροιιο,1υιιιιὴμιρινὴν
651 3840 785 3910 iutelligit,
797 3854 863 3909 quse
874 3839 910 3891 sit
920 3838 1041 3909 νυκτιρινὴ
1054 3856 1116 3895 rur.
1147 3840 1213 3893 Nam
1224 3842 1252 3895 iu
1264 3844 1394 3912 superiore

255 3922 445 3997 illahppothesi,
461 3927 489 3980 iu
506 3925 741 3996 (pontenurum
757 3924 897 3977 sabbatum
912 3925 1045 3989 convenit,
1058 3918 1237 3995 ¹xerophaglae
1254 3925 1394 3981 hebdomas

254 4006 295 4061 iult
303 4026 319 4063 a
327 4010 391 4065 ieris
399 4030 430 4067 rr.
442 4012 583 4076 anteriore,
594 4026 661 4081 quae
671 4017 713 4064 eet
722 4006 822 4079 ὴμιρινὴ
833 4006 917 4078 dalem,
930 4006 1051 4077 νυκττρινὴ
1063 4007 1197 4075 δωδεκάτη,
1222 4008 1295 4075 Quod
1307 4013 1329 4065 si
1341 4030 1392 4065 ιιν.

257 4090 307 4146 lana
315 4095 456 4151 dominicae
466 4097 615 4160 oonreuiat,
626 4095 746 4167 sequenti
756 4094 810 4158 die,
821 4110 874 4165 qua
885 4101 925 4147 eet
936 4094 998 4147 luna
1008 4110 1049 4145 rr.
1061 4092 1160 4163 ὴμιρινὴ
1172 4100 1199 4147 et
1209 4096 1330 4166 νυκτερινὴ
1339 4114 1391 4150 rvr.

256 4176 344 4235 ἱιὶιίιιι
353 4182 402 4235 erit
411 4180 579 4235 hebdomadis
586 4188 700 4235 unctae.
712 4180 791 4233 Vides
801 4180 883 4250 igitur
892 4178 1040 4232 necessario
1051 4178 1078 4230 in
1090 4178 1151 4231 luna
1162 4196 1198 4233 ιι.
1211 4178 1352 4251 νυκτερινὴν,
1364 4180 1392 4233 in

257 4262 413 4337 ινιὴμιρννὴν
422 4266 597 4337 recipiendam
605 4282 671 4321 esse.
687 4264 718 4318 ln
726 4280 778 4335 quo
786 4264 850 4318 illud
858 4262 1127 4327 animaduertendum,
1139 4264 1199 4318 licet
1208 4266 1236 4319 in
1248 4264 1348 4318 haeresi
1355 4282 1391 4319 ιι.

257 4347 420 4421 ἰῐῑννιτιρινὴς
431 4360 457 4405 et
467 4349 578 4421 ὴμιρινὴς
588 4352 716 4405 vocabula
726 4350 877 4421 sumpserit,
892 4356 923 4402 ut
938 4363 955 4401 a
969 4352 1090 4417 νυκτερινὴ
1106 4364 1207 4419 semper
1224 4350 1344 4415 ordietur,
1361 4364 1392 4403 ao

257 4435 346 4489 ansol
355 4437 419 4491 luna
427 4434 527 4506 ὴμιρτνὴ
538 4450 555 4487 ιε
565 4440 689 4505 ιοηιυιιε
699 4440 820 4505 νυκτερινὴ
830 4450 966 4504 uunquam
977 4433 1128 4503 appelletur,
1139 4432 1187 4487 hoo
1199 4436 1225 4487 iu
1236 4436 1292 4489 loco
1303 4440 1391 4489 umen
1416 4466 1440 4508 η,
1447 4454 1492 4502 ιιι,

258 4513 412 4587 triphoniam
427 4521 482 4574 sire
498 4536 595 4583 errore,
612 4522 667 4573 sive
682 4520 715 4573 de
729 4519 856 4573 industria
872 4516 957 4584 laima
972 4518 1044 4571 illam
1055 4534 1162 4584 vocare,
1179 4534 1244 4589 quae
1255 4520 1290 4573 sit
1300 4526 1392 4575 ootara

258 4596 500 4671 homoinem
508 4604 643 4676 νυκτερινὴν
651 4604 759 4659 desinat
776 4604 815 4657 hd
823 4619 954 4657 summam
961 4602 1129 4657 hebdomadis
1138 4606 1391 4676 sanctaeprimadlee

260 4686 332 4741 alana
340 4707 377 4746 ιι.
388 4690 482 4743 diurna
492 4692 524 4743 sd
535 4706 577 4743 rr.
590 4690 708 4744 diarum
718 4688 835 4744 inchoari
845 4694 944 4760 potest,
960 4694 1018 4753 sut,
1034 4690 1104 4760 quod
1113 4690 1182 4745 idem
1194 4696 1246 4755 est,
1263 4706 1279 4744 a
1290 4692 1353 4745 luna
1363 4710 1390 4748 ι.

261 4776 368 4827 etatum
377 4776 411 4829 ad
420 4781 574 4831 uodumam
584 4792 639 4829 ιιι.
671 4773 745 4839 Quae
755 4789 849 4828 mussa
858 4774 969 4827 iortasm
980 4774 1041 4841 luit,
1058 4792 1103 4829 cnr
1119 4778 1156 4830 ita
1166 4776 1325 4847 conciperet,
1342 4774 1390 4829 derb

262 4850 344 4923 bime
354 4859 399 4921 Ιυς
408 4856 594 4931 humetum
602 4857 820 4924 mutuatissime.
855 4858 904 4915 Ubi
916 4856 1101 4931 iutpdseaoucav
1113 4876 1166 4917 uon
1177 4862 1230 4915 iam
1241 4862 1393 4935 simpliciter

1151 4962 1191 5017 R.
