3650 5642
1332 625 1367 684 m
1429 655 1432 662 ,

234 796 293 848 nodo
302 795 418 866 quilibet,
429 792 475 846 sed
486 791 579 859 stiam,
592 789 661 860 qnod
672 787 820 842 mirandum
831 803 861 840 ac
873 787 1053 840 detestandum
1061 787 1147 857 magis
1159 790 1212 852 eet,
1223 771 1308 840 clerici
1316 787 1367 857 ipsi

234 897 280 933 cun
291 881 434 934 mutieribus
449 879 604 949 plerumque
620 876 706 929 lavare
721 879 916 927 consueverant.
951 873 1022 937 Quae
1038 871 1170 942 flagitiosa
1185 873 1289 926 licentia
1308 889 1367 925 cnm

233 965 403 1019 inChristianis
416 965 549 1029 omnibus,
568 967 625 1015 tum
640 962 668 1014 in
684 959 871 1031 posteriorrbus
881 959 940 1012 istis
953 959 1088 1012 Cauonum
1103 959 1239 1012 severitate
1256 957 1369 1012 coerceri

234 1051 384 1120 opushabnit.
419 1049 449 1103 ln
460 1049 539 1102 Laod
550 1047 685 1101 Canxxx.
719 1043 823 1112 Ὅτιοιλ
840 1045 876 1096 δεῖ
892 1042 1024 1114 tepescant:
1046 1045 1060 1110 b
1079 1044 1208 1114 κληρικοὺς
1230 1045 1245 1110 ἢ
1263 1039 1368 1108 denaria
1393 1041 1455 1092 1³0⁵?-

232 1133 364 1207 ἒνβαλανιλῳ
377 1132 439 1207 μετὰ
449 1136 571 1205 γυναικῶν
582 1130 759 1200 ἀπολούεσθαι,
777 1128 839 1200 μηδὲ
850 1128 930 1181 πάντα
947 1129 1115 1199 Χριστιανονῆ
1133 1129 1226 1183 λαῗκόν.
1259 1129 1331 1192 Idem
1343 1133 1370 1182 et

232 1221 374 1276 in'i'rullano
389 1222 501 1275 ratitum
512 1225 552 1274 est
566 1218 629 1273 Can.
646 1234 746 1271 num.
781 1215 855 1280 Quod
871 1216 988 1285 sequitur
1004 1212 1066 1266 κατὰ
1082 1216 1226 1286 συγκυρίαν,
1246 1215 1371 1286 imposuit

233 1305 344 1373 Βοτοιτίο,
356 1309 404 1378 qni
414 1306 550 1377 Sycyriam
558 1306 645 1358 locum
656 1319 714 1356 esee
726 1301 840 1355 credidit
874 1301 940 1354 Nam
951 1301 1064 1371 συκυρίαν
1073 1307 1150 1354 antee
1157 1302 1305 1372 legebatur,
1316 1317 1370 1356 non

232 1397 300 1446 amen
309 1393 427 1466 Σοαυρίον
438 1391 582 1445 maiuscnlo
592 1389 627 1454 Σ,
639 1394 669 1442 ut
680 1387 786 1459 qnidam
798 1388 898 1442 assent.

283 1477 348 1529 λιῖὼν
359 1476 386 1530 ἔν
398 1481 436 1546 τῷ
447 1474 516 1548 ἀέρι)
550 1477 626 1529 Corn.
640 1475 805 1527 deambulans
815 1478 842 1525 ιἰι
855 1490 923 1528 aare.
948 1471 999 1526 Sed
1012 1471 1025 1524 b
1038 1471 1083 1543 ἀὴρ
1095 1473 1180 1527 balnei
1196 1490 1255 1545 pars
1272 1479 1323 1538 est,
1340 1477 1371 1526 ut

231 1563 482 1617 exCalenoadGlauc.
489 1561 588 1633 pridem
597 1561 762 1613 observatum
767 1560 800 1612 ab
807 1559 911 1612 eruditis
925 1558 1083 1624 hominibus;
1096 1560 1144 1612 etsi
1155 1577 1208 1612 uon
1217 1561 1280 1613 satis
1289 1560 1372 1630 liquet

232 1665 282 1717 quae
291 1666 347 1719 pars
358 1651 407 1703 ilia
417 1650 460 1701 sit
493 1646 547 1700 Nos
558 1646 662 1699 interim
673 1645 761 1697 solum
772 1645 939 1697 reddidimus.

282 1731 450 1800 'tithimoris
465 1731 649 1803 ἔορραγίσατο.)
691 1731 740 1784 Hic
751 1730 955 1783 illustrissimum
973 1731 1111 1784 Annalium
1129 1731 1288 1785 conditorem
1303 1731 1371 1785 inse·

231 1819 480 1882 ctaturCasaubonns,
492 1815 759 1888 quodsaluterisiliius
769 1817 839 1886 signi
847 1817 941 1868 virtute
948 1814 1119 1870 Christianam
1128 1819 1263 1871 mulierem
1274 1823 1370 1872 etanto

229 1903 334 1960 casfitads
343 1905 462 1977 periculo
472 1903 607 1956 liberatam
620 1903 653 1954 ab
665 1901 809 1972 Epiphanio
818 1901 956 1971 diciputet.
992 1901 1065 1965 Quod
1074 1902 1247 1973 Epiphaniam
1259 1905 1372 1958 voluisse

229 2000 298 2060 negat
329 1992 383 2046 Sed
399 2006 450 2044 nec
466 1991 547 2042 ullam
563 1989 591 2041 in
603 1987 679 2056 signo
694 1988 777 2039 crucis
793 1986 825 2039 ad
841 1986 979 2040 efficienda
993 1988 1119 2041 muscula
1134 1991 1266 2060 propriam
1285 1991 1371 2043 inesse

230 2077 341 2142 mutem,
352 2093 441 2146 neque
452 2091 514 2128 uero
526 2074 600 2126 aliter
611 2089 690 2142 quam
702 2077 732 2124 nt
741 2073 812 2142 piam
824 2075 997 2126 ceremoniam
1009 2072 1148 2127 adhibitam
1160 2076 1188 2128 in
1204 2077 1313 2129 ecclesia
1329 2091 1372 2128 ue-

229 2163 276 2225 teri,
286 2179 349 2232 quae
373 2161 486 2215 orationi
497 2159 618 2213 adiuncta
628 2159 729 2211 animos
740 2157 856 2210 fidelium
869 2158 901 2210 ad
913 2157 1009 2212 Christi
1025 2175 1127 2212 crucem
1144 2161 1269 2214 eveheret
1304 2161 1372 2214 Tum

229 2246 257 2297 ita
268 2249 380 2302 subiicit:
418 2247 483 2308 Quis
498 2263 594 2314 crepare
611 2245 715 2296 audebit
734 2245 809 2296 uliud
823 2243 938 2296 luccesse
954 2263 1027 2314 quam
1048 2247 1115 2314 qued
1128 2247 1220 2298 scribit
1235 2245 1372 2311 Barbatus,

229 2334 297 2384 dicere
306 2333 485 2403 Epaphum'um
495 2335 564 2399 οἶμαι
574 2334 660 2381 cruces
669 2333 762 2382 virtute
772 2331 844 2381 ittam
854 2331 1027 2382 mulierculam
1034 2333 1113 2391 surbac
1119 2333 1234 2400 periculo
1245 2333 1373 2402 ereptam?

228 2415 282 2470 haec
290 2419 339 2471 ille.
377 2417 430 2471 Sed
442 2433 522 2488 qnam
531 2417 622 2485 iniqua
634 2415 682 2483 sit,
698 2416 766 2468 utin
777 2415 907 2485 plerisque
919 2415 989 2480 aliis,
1006 2413 1154 2469 Caeauboni
1171 2417 1217 2470 iila
1228 2417 1374 2488 castigatio,

228 2519 338 2574 qumque
350 2504 496 2557 oscitanter
505 2501 572 2554 hanc
589 2499 726 2572 Epiphanii
735 2499 872 2553 historiam
888 2501 993 2570 legerit,
1007 2517 1040 2553 ex
1053 2518 1083 2554 eo
1099 2503 1162 2555 satis
1178 2509 1285 2573 apparet
1306 2501 1374 2573 quod

229 2585 350 2644 humum.
361 2585 645 2659 scripsitEpiphanins:
657 2583 691 2646 ὡς
703 2580 746 2637 οὖν
758 2586 908 2655 κατίσχυσαν
921 2585 943 2636 oi
955 2587 1048 2655 γόητες.
1074 2584 1113 2638 διὰ
1125 2585 1171 2658 γὰρ
1184 2591 1225 2656 τῆς
1239 2589 1374 2660 σφραγῖδος

228 2677 262 2723 τοῦ
271 2674 371 2744 Χριστοῦ
385 2673 540 2732 astrictam<
552 2670 671 2740 ἐβοηθήθη
682 2669 698 2737 ἦ
711 2670 780 2740 γυνή.
791 2671 855 2723 Mox
867 2675 941 2722 τοῦτο
952 2670 1032 2740 τρίτον
1044 2669 1202 2746 τῷἸωοήπῳ
1216 2675 1374 2747 κατηχήσεως

228 2754 286 2827 ἔργον
295 2759 402 2830 ἐγίνετο,
414 2757 453 2810 ὅτι
465 2757 510 2810 οὒκ
518 2755 632 2828 ἴσχυσεν,
645 2754 702 2807 ἔνθα
718 2750 796 2825 ὄνομα
808 2756 913 2825 Χριστοῦ
925 2755 965 2807 καῖ
977 2757 1079 2828 ορραγλς
1092 2763 1211 2830 σταυροῦ,
1225 2761 1374 2831 φαρμακείας

229 2843 317 2913 δύναμις
351 2843 423 2909 Quid
434 2843 504 2896 aiind
514 2841 673 2914 Epiphanius
684 2848 773 2894 narrat
781 2858 858 2911 quam
870 2841 954 2893 crucis
965 2844 1103 2914 praecipue
1115 2845 1220 2915 signum
1234 2851 1260 2898 et
1271 2847 1375 2900 invoca·

227 2930 308 2983 honam
316 2930 436 2985 neminie
448 2927 544 2982 Christi
553 2928 656 2981 mulieri
665 2927 824 2998 praesidium
844 2927 979 2980 attulisse?
1014 2929 1117 2982 infinita
1133 2937 1194 2984 sunt
1210 2931 1376 3002 antiquorum

227 3011 265 3068 FP.
273 3017 434 3080 testimonia,
447 3015 541 3085 quibus
549 3013 612 3067 iliud
624 3012 693 3083 quod
706 3011 875 3065 Caeaubonus
883 3019 965 3082 negat
977 3013 1098 3068 efficitur:
1115 3023 1228 3070 veterem
1240 3019 1376 3071 ecclesiam

226 3101 268 3153 nn
278 3103 410 3172 quandam
421 3101 530 3154 estuari
542 3100 625 3152 crucis
637 3099 714 3168 signo
725 3099 854 3153 tribuisse.
891 3098 1000 3152 Caetera
1016 3107 1045 3152 ut
1061 3102 1191 3166 omittam,
1208 3119 1276 3156 unus
1293 3105 1375 3156 omni-

228 3188 348 3241 uminstar
360 3188 412 3241 erit
421 3185 576 3239 Nazianzeni
585 3185 659 3238 locus
671 3201 705 3237 ex
718 3183 1070 3240 0rat.rrr.cont.1ulianum.
1098 3185 1148 3239 Ubi
1159 3187 1286 3258 perfidum
1301 3189 1376 3241 illum

227 3273 376 3343 tangam
388 3275 480 3326 narrat
503 3287 605 3324 summo
622 3287 670 3323 sno
687 3270 713 3322 in
731 3276 802 3323 metu
819 3287 849 3323 ac
867 3270 1014 3323 discrimine
1027 3271 1059 3322 ad
1076 3272 1158 3324 crucis
1177 3273 1324 3342 coniuffi'ese
1342 3273 1376 3326 si·

228 3371 295 3423 gnum
311 3375 399 3430 eoque
411 3357 550 3411 daemones
561 3356 680 3425 fugasse:
703 3352 741 3406 ἐπὶ
758 3355 801 3406 τὐν
817 3355 922 3426 σταυρὸν
940 3355 1085 3426 καταφεύγει
1104 3356 1144 3408 καὶ
1156 3357 1184 3408 τὸ
1197 3357 1302 3409 παλαιὸν
1315 3356 1376 3429 φάρ-

228 3459 305 3513 μακον,
317 3445 358 3496 καὶ
370 3443 456 3513 τούτῳ
468 3446 608 3513 σημειοῦται
619 3435 681 3491 κατὰ
692 3442 742 3491 τῶν
760 3439 857 3508 φόβων,
874 3440 915 3492 καλ
933 3439 1022 3509 βοηθὸν
1040 3443 1142 3493 ποιεῖται
1159 3441 1200 3493 τον
1219 3443 1376 3514 διωκόμενον,

227 3527 259 3577 ut
267 3527 295 3580 τὰ
306 3527 360 3596 ἑξῆς
372 3528 566 3599 ρρικωδέσττρα,
581 3523 708 3595 ingentii
721 3525 832 3595 σφραγὶς·
844 3525 964 3592 ἡττῶνται
975 3523 996 3577 ei
1009 3525 1132 3597 δαίμονες,
1145 3526 1243 3580 λύονται
1255 3527 1278 3580 οἱ
1296 3529 1376 3599 φόβοι.

227 3611 394 3668 hmabsimsse
407 3631 438 3667 eo
456 3613 524 3684 qnod
533 3613 564 3665 de
575 3613 772 3665 sanetalustine
781 3610 910 3682 proditum
921 3617 972 3676 est,
994 3629 1060 3682 quae
1072 3629 1132 3666 cum
1141 3630 1156 3666 a
1164 3615 1255 3667 iurene
1265 3616 1379 3685 quodam

227 3698 389 3754 adlibidinem
396 3699 520 3769 Cypriani
528 3699 601 3768 magi
612 3697 711 3750 artibus
722 3697 896 3767 pelliceretur,
908 3697 1055 3750 immissum
1065 3699 1115 3751 sibi
1125 3699 1278 3753 daemonem
1287 3703 1378 3756 eodem

228 3785 297 3837 nem
313 3787 393 3856 signo
409 3783 517 3854 reputit;
538 3783 607 3853 qnod
623 3801 656 3836 ex
672 3783 802 3837 Eudociae
819 3783 953 3852 Augustae
971 3783 1040 3836 Orat
1057 3784 1088 3837 de
1110 3785 1137 3838 S.
1154 3785 1283 3856 Cypriane
1300 3788 1379 3842 reiert

226 3865 319 3924 Pierius
340 3869 374 3926 N.
393 3885 579 3924 ccccnmrv:
609 3869 665 3929 τούς
682 3886 707 3920 τε
728 3865 878 3936 βιαιοτάτους
906 3869 946 3920 καὶ
973 3867 1163 3941 χαλεπωτάτους
1185 3873 1233 3922 τῶν
1255 3873 1377 3944 δαιμόνων

228 3954 310 4023 :integ
321 3953 362 4008 ἔπλ
373 3954 420 4022 τὴν
431 3953 563 4024 παρθένον,
579 3955 619 4006 καλ
631 3953 801 4025 ᾐσχυμμένους
814 3953 853 4005 καλ
865 3953 1029 4024 νενικημένους
1042 3959 1085 4006 τοῦ
1097 3960 1203 4025 σταυροῦ
1219 3961 1256 4027 τῷ
1271 3959 1341 4030 τύπῳ
1354 3955 1378 4019 ἐξ

228 4035 295 4089 dede
306 4039 406 4092 ἐκείνων
416 4038 554 4109 ἁναμαθών.
571 4037 655 4109 igitur
664 4043 708 4091 τοῦ
717 4043 823 4110 σταυροῦ
833 4043 869 4109 τῷ
878 4041 949 4110 τύπῳ
961 4040 1066 4110 perinde
1078 4045 1107 4092 ut
1115 4042 1196 4093 altera
1204 4043 1259 4107 illa,
1271 4043 1378 4109 lustina,

228 4123 369 4179 musonem
379 4125 491 4195 fugavit
512 4123 602 4194 Neque
614 4125 697 4178 crucis
710 4123 837 4177 duntaxat
848 4141 973 4194 expressa
983 4125 1080 4195 figura,
1093 4125 1138 4178 sed
1150 4127 1229 4181 etiam
1241 4127 1270 4182 B.
1280 4129 1378 4182 Mariae

199 4232 200 4239 ¹
229 4209 323 4280 virginis
332 4210 508 4274 invocatione,
520 4217 550 4263 ut
560 4210 738 4263 Nazianzenus
745 4209 814 4263 Orat.
820 4227 895 4264 xnnr.
909 4211 1034 4280 scriptum
1045 4211 1160 4281 reliquit:
1181 4211 1225 4264 Καὶ
1237 4212 1278 4278 τὴν
1291 4211 1378 4282 παρθέ-

229 4312 258 4343 πυ
268 4296 366 4368 Μαρίαν
382 4293 523 4348 ἱκετεύουσα
540 4295 658 4364 βοηθῆσαι
675 4294 787 4366 παρθένῳ
806 4295 980 4365 κινδινευούοῃῑ
1016 4295 1051 4348 Et
1068 4301 1190 4365 otrytnem
1205 4299 1321 4350 Μανίαοι
1337 4317 1377 4351 ro·

199 4400 200 4419 ³
228 4397 292 4445 νοτε,
313 4383 518 4452 atpfflctitnnn‘
526 4385 799 4452 m'rqiniopemserret.
833 4379 904 4445 Quae
921 4381 987 4433 tanti
1003 4379 1086 4434 Patris
1099 4383 1223 4436 autoritas
1238 4381 1377 4438 hodiernae

229 4475 299 4521 setae
309 4467 471 4540 imperitiam
482 4467 693 4537 impietatemque
705 4465 868 4520 condemnat.

199 4590 200 4619 γ
281 4553 312 4605 u.
324 4569 365 4607 rx.
376 4551 541 4622 Ὗποληρθελς
553 4550 580 4603 n
597 4551 728 4622 τελευτᾷν.)
763 4553 846 4605 Antea
867 4551 1005 4622 legebatur
1024 4549 1180 4625 ὕπολειρθείς.
1215 4555 1297 4610 Vertit
1308 4557 1378 4611 enim

199 4708 200 4715 γ
228 4633 291 4693 tom.
303 4639 458 4710 relictaeque
469 4641 535 4691 uelut
546 4643 687 4690 moriame.
721 4637 775 4690 Nos
793 4654 827 4690 err
842 4637 925 4708 Regio
942 4637 1029 4690 codice
1047 4636 1191 4708 ὕποληρθείς
1207 4641 1376 4700 restituimus.

230 4720 290 4781 Quod
305 4729 334 4776 et
350 4724 508 4776 nandonis
523 4724 602 4776 series
618 4723 740 4794 postulat
774 4721 864 4792 Neque
881 4724 951 4776 eninr
966 4723 1149 4778 moribundum
1164 4715 1318 4782 Indaeorum
1335 4745 1378 4784 co·

230 4809 482 4873 gnafidesemerant,
494 4826 559 4879 qnos
567 4810 706 4879 mysticum
714 4808 779 4862 illud
786 4808 948 4861 insusurasse
957 4807 1026 4862 dicit.
1043 4809 1269 4880 HioEpiphanium
1279 4815 1377 4870 otiosus
1402 4827 1464 4883 Mi·

230 4893 325 4956 quidm
334 4900 450 4965 nugator
460 4895 556 4950 nimiae
568 4893 726 4949 credulitatis
737 4899 855 4960 accusat,
872 4893 940 4964 quod
951 4893 1019 4948 ialea
1029 4893 1119 4949 Iudaei
1128 4895 1206 4952 unius
1218 4903 1264 4952 aut
1272 4901 1378 4956 altadus

1133 4997 1176 5053 D·
