3650 5642
433 570 475 627 cc

432 730 540 790 vocant,
551 728 705 796 potestatem
715 724 840 777 ecelmise
850 738 882 776 ac
893 722 1067 776 sacerdotibus
1079 722 1249 785 detraherent,
1265 725 1294 773 ut
1308 720 1439 789 reliquos
1456 716 1587 773 sorsnlsu

433 827 531 866 errores
542 811 670 871 omittam,
681 807 819 861 Norstiaui
828 814 953 878 tanquam
963 807 1083 861 hauefici
1094 806 1208 859 damnati
1218 810 1287 859 sunt.
1302 804 1424 874 Alioqui
1434 804 1539 875 lapsos,
1548 800 1588 855 la

434 902 474 949 est
483 896 641 949 idololatriae
652 893 807 963 contegione
817 894 944 963 pollutos,
960 894 988 945 in
1004 897 1155 962 perpetuum
1171 892 1203 943 ab
1219 890 1325 944 ecelesia
1340 904 1528 943 summovere
1537 903 1589 939 nos·

434 982 495 1033 dnm
505 996 552 1049 pro
562 978 689 1032 haeretico
702 978 803 1032 decreto
815 978 948 1047 cognitum
958 976 1049 1031 iuerat.
1083 976 1228 1041 Quinetiam
1243 976 1331 1045 priscis
1349 975 1416 1027 illis
1428 972 1549 1027 llorent‘u
1558 989 1590 1023 er·

434 1066 526 1119 clesiae
536 1064 696 1134 temporibus
707 1063 784 1117 certis
792 1070 952 1133 peccatorum
963 1062 1100 1131 generibus
1109 1062 1290 1115 communione
1297 1060 1499 1122 interdictum,
1509 1065 1537 1111 et
1545 1058 1591 1126 qui·

434 1151 492 1203 dem
507 1156 630 1220 perpetuo
648 1148 742 1212 fuisse,
764 1148 953 1218 quamplurima
974 1148 1083 1201 concilis
1099 1163 1129 1200 ao
1145 1146 1192 1203 SS.
1209 1144 1256 1199 PP.
1277 1145 1443 1199 testimonis
1461 1143 1592 1197 declarent·

435 1234 507 1299 Quod
522 1251 581 1287 cum
596 1234 629 1287 ad
640 1235 773 1304 antiquam
785 1233 907 1286 ecclesiae
919 1232 1080 1303 disciplinam
1091 1230 1296 1303 cognoscendam
1307 1230 1548 1301 pernecessarium
1559 1228 1594 1285 sit

434 1326 461 1373 et
471 1319 503 1373 ad
514 1320 598 1375 sarim
609 1335 672 1372 nsua
688 1324 872 1389 opportunum,
887 1334 936 1371 uos
954 1334 1020 1387 quae
1037 1318 1067 1371 ds
1084 1334 1116 1371 aa
1130 1334 1159 1370 re
1174 1318 1253 1387 longo
1270 1316 1357 1370 studio
1373 1331 1413 1369 rso
1428 1312 1593 1384 diligentiis

435 1405 517 1458 ctione
529 1404 744 1475 conquisivimus,
760 1405 789 1457 in
799 1401 978 1473 theologorum
990 1404 1153 1475 potissimum
1165 1402 1275 1473 gratiam
1288 1402 1369 1472 paulo
1385 1399 1546 1455 accuratius
1556 1413 1594 1449 er·

433 1490 593 1561 plicabimus.

483 1674 679 1739 QUIBUSNAM
695 1674 919 1730 PEGOATORUM
936 1674 1124 1729 subserens
1141 1674 1184 1728 ET
1201 1672 1379 1738 QUATTNUS
1401 1670 1552 1728 Nisum

699 1776 878 1831 communio
895 1777 948 1831 SIT
964 1777 999 1831 IN
1016 1776 1173 1831 seclusus
1183 1774 1314 1831 VllTlllil.

500 1914 606 1969 Nullum
617 1931 674 1968 esse
685 1914 771 1967 delicti
781 1912 925 1985 flagitiique
936 1930 1033 1985 genua,
1049 1914 1117 1983 quod
1128 1930 1180 1967 nou
1191 1913 1281 1967 eadem
1294 1913 1351 1977 ills,
1369 1928 1449 1983 quse
1465 1911 1551 1980 ligare
1566 1921 1591 1957 κ

435 2000 543 2053 retinere
553 2004 651 2074 potest,
663 2000 762 2052 solvere
773 2016 803 2051 ao
814 2001 943 2053 remittere
955 2000 1037 2069 possit
1048 1999 1169 2052 ecclesiae
1180 2004 1306 2068 potestas,
1321 2014 1410 2067 neque
1426 1992 1592 2067 proemium

435 2084 552 2139 hocloco
564 2089 616 2147 est,
633 2100 716 2153 neque
734 2084 767 2136 ab
784 2085 842 2136 aliis
859 2101 938 2153 quarn
954 2085 986 2136 ab
1003 2084 1129 2153 evangelii
1144 2089 1220 2153 atqua
1236 2083 1358 2135 ecclesias
1370 2078 1590 2137 desertoribuslu

437 2170 635 2223 controversiam
648 2168 788 2223 adducitur.
809 2169 892 2222 liuius
902 2184 963 2221 vero
974 2170 1108 2239 potestatis
1119 2184 1208 2233 usum,
1225 2184 1284 2221 cum
1295 2169 1321 2220 in
1333 2166 1460 2221 eiusdem
1471 2163 1591 2219 seuam·

437 2254 541 2307 arbitrio
553 2254 652 2325 positus
664 2254 711 2319 sit,
723 2256 793 2307 sarie
803 2260 973 2325 temperatum
985 2260 1011 2307 et
1022 2254 1226 2307 administratum
1238 2269 1293 2307 esse
1304 2270 1356 2305 nou
1367 2252 1490 2307 dubium
1502 2254 1553 2310 esi,
1568 2252 1590 2297 Β

437 2337 470 2391 ad
481 2340 662 2393 continendam
674 2340 889 2408 sanciendamque
901 2338 1060 2409 disciplinsm
1073 2339 1242 2392 severioribus
1252 2337 1379 2391 interdurn
1391 2338 1504 2409 legibue
1518 2338 1543 2387 et
1552 2332 1587 2383 iu.

438 2424 532 2477 stitutio
547 2425 704 2494 adstrictum.
740 2424 865 2488 Quocirca
880 2424 929 2476 sub
945 2425 1030 2493 ipsum
1047 2423 1204 2477 Christianae
1220 2424 1351 2493 religionis
1369 2414 1587 2482 exorcismis

437 2517 529 2579 granta
539 2526 667 2579 peraeque
679 2510 763 2562 studio
775 2510 878 2579 pietatis
890 2515 916 2560 et
927 2510 1096 2579 improbitatis
1107 2508 1178 2573 odio,
1190 2510 1271 2561 multo
1279 2515 1306 2561 et
1313 2509 1452 2577 graviorne
1460 2508 1489 2560 in
1499 2503 1585 2557 delos

405 2641 410 2654 ,
435 2610 534 2665 poenae
545 2602 572 2646 et
583 2594 753 2647 diuturniores
765 2595 918 2647 constitutae
931 2600 998 2649 sunt.
1032 2592 1103 2657 Quae
1118 2610 1159 2647 res
1171 2610 1201 2647 eo
1213 2610 1294 2662 usque
1305 2608 1480 2663 progressum
1492 2586 1584 2645 habuil·

437 2685 466 2731 ut
482 2678 650 2731 atrocioribus
669 2678 823 2748 quibusdam
844 2680 982 2731 sceleribus
1000 2680 1075 2731 venia
1093 2678 1299 2747 indulgentiaque
1319 2678 1438 2731 funditus
1460 2676 1583 2742 denogm

435 2762 524 2826 luerit,
535 2778 669 2832 nunquam
681 2769 711 2815 ut
721 2780 779 2815 cum
791 2764 899 2816 ecclesis
908 2764 1067 2817 reconciliari
1077 2768 1191 2833 possent.
1218 2761 1292 2827 Quod
1302 2769 1331 2817 ut
1341 2764 1374 2815 ab
1385 2760 1523 2817 hodiernis
1533 2772 1582 2811 ruo

436 2847 507 2899 ribus
518 2852 543 2897 et
555 2847 678 2900 institutis
690 2846 829 2900 abhorrens
841 2863 874 2898 ns
886 2848 944 2914 quie
955 2848 1101 2901 incredibile
1112 2848 1220 2901 forsitan
1231 2848 1375 2911 arbitretur,
1387 2854 1513 2901 sutorem
1523 2841 1583 2895 &bv

435 2931 633 2995 Tertullianum,
645 2932 728 3000 quiin
739 2932 804 2984 libro
816 2931 847 2983 de
855 2930 981 2985 Pudicitia
992 2932 1057 2984 clare
1066 2932 1092 2984 id
1101 2949 1130 2985 ao
1141 2933 1232 2987 diserte
1241 2938 1357 2987 testetur.
1375 2932 1489 3005 Scripsit
1500 2934 1580 2982 sutsru

436 3015 504 3069 hunc
516 3016 611 3069 librum
622 3032 681 3069 cum
692 3018 745 3069 iam
760 3033 795 3069 ex
811 3015 936 3069 catholico
949 3017 1066 3069 Montani
1082 3017 1166 3071 lactus
1184 3027 1252 3071 esset
1268 3018 1379 3081 asseris,
1396 3017 1524 3071 adversus
1540 3010 1582 3064 Z&

436 3102 539 3173 phyrini
546 3117 628 3172 papae
636 3100 778 3167 decretum,
788 3118 839 3173 quo
848 3102 870 3155 ie
879 3102 1008 3155 adulteros
1017 3107 1076 3173 post
1084 3104 1266 3173 poenitentiam
1275 3102 1447 3157 admittendos
1456 3101 1578 3153 edixerat

404 3212 407 3223 ·
436 3186 553 3257 Ponts'sec
568 3189 666 3241 scilicet
678 3194 800 3241 mannus
811 3188 973 3259 (Tertulliani
984 3189 1061 3241 rerba
1076 3194 1160 3255 sunt),
1178 3192 1308 3258 episcopus
1322 3193 1498 3257 epsscoporurs
1515 3184 1579 3241 dicit

438 3290 482 3341 eqo
494 3284 518 3325 et
527 3272 653 3326 moechiae
665 3277 876 3341 etsorm'catiom'a
887 3276 979 3327 delicto
987 3278 1143 3342 poenitentia
1148 3278 1248 3343 Jtsrsctis
1260 3274 1363 3327 dirnitto.
1398 3270 1475 3335 Quod
1490 3263 1578 3325 summi

436 3356 565 3429 pontificis
577 3358 688 3412 edictum
700 3358 872 3411 Tertullianus
887 3360 1042 3428 'oppugnans
1059 3374 1092 3411 er
1109 3376 1139 3413 eo
1157 3357 1288 3427 redarguit
1303 3358 1373 3427 quod
1389 3374 1450 3411 cum
1465 3357 1518 3409 tria
1533 3352 1578 3404 sint

437 3445 593 3513 gravissima
608 3445 715 3506 scelera,
732 3435 887 3506 idololatris,
903 3442 1067 3496 homicidium
1085 3448 1112 3495 et
1128 3443 1293 3507 adulterium,
1311 3442 1423 3497 exclusis
1440 3448 1468 3494 et
1484 3442 1511 3494 in
1527 3451 1578 3508 pel·

436 3534 542 3595 potuum
561 3529 661 3580 reiectis
681 3527 782 3580 duobus
801 3526 904 3594 reliquia
925 3527 1008 3579 solum
1028 3528 1146 3581 adulteri
1165 3529 1261 3581 crimen
1276 3528 1309 3581 ad
1325 3528 1428 3581 reniam
1445 3522 1576 3595 exceperll·

440 3608 509 3669 Quid
519 3615 588 3678 eqeb,
603 3611 698 3679 inquit,
714 3612 858 3663 mollissima
875 3620 900 3662 et
913 3610 1092 3665 humanissimo
1110 3614 1265 3683 discipliuol
1298 3614 1352 3665 Aut
1365 3612 1478 3665 ambs
1488 3614 1525 3663 eis
1535 3607 1576 3658 hot

438 3711 490 3745 esse
501 3694 599 3747 debebis
610 3696 690 3755 (beati
700 3697 764 3745 enim
773 3697 902 3763 pacifici),
920 3704 963 3747 aur
975 3699 1000 3747 si
1015 3715 1062 3749 seon
1077 3698 1199 3761 omnibu,
1217 3706 1303 3750 nostso
1319 3714 1378 3751 esse.
1413 3697 1575 3749 Imbrasos

436 3780 534 3847 quidem
545 3778 727 3830 etloms'ciriom
738 3780 813 3829 sessel
823 3780 941 3843 Munus,
955 3781 1079 3833 moschum
1091 3798 1149 3834 sero
1161 3784 1282 3835 demedio
1294 3786 1401 3851 escipsb,
1417 3782 1575 3835 idololaisiflt

436 3880 609 3926 succusorem,
618 3862 749 3915 homicidii
757 3872 943 3929 antecessorem,
953 3870 1079 3935 utrimque
1088 3866 1228 3933 collspossl
1243 3867 1371 3921 Personae
1382 3869 1526 3935 acceptorio
1535 3868 1573 3920 eti

437 3948 631 4000 miserolilsores
646 3952 815 4017 poenitentias
831 3950 963 4017 reliquisti.
996 3950 1077 4001 Plane
1096 3954 1119 4001 ss'
1138 3952 1254 4004 emendus
1273 3954 1304 4005 de
1323 3952 1410 4020 quibus
1425 3948 1574 4019 petrocini&

438 4034 612 4101 exemplorum,
623 4042 816 4105 praeceptorum
828 4035 978 4099 coelestium,
994 4037 1043 4087 soli
1057 4035 1183 4088 moechiae
1200 4048 1224 4089 et
1233 4042 1260 4089 iss
1272 4054 1303 4089 so
1308 4040 1481 4106 jornicmas'
1490 4046 1574 4106 qaoque

437 4122 540 4171 lamam
547 4122 716 4187 messianitae
728 4120 865 4189 expandas.
887 4118 957 4172 llaec
968 4134 1023 4189 cep.
1034 4138 1058 4174 v.
1094 4121 1129 4173 At
1143 4124 1233 4189 postea
1248 4137 1304 4191 cap.
1318 4138 1367 4176 rx.:
1384 4120 1453 4173 Hinc
1470 4130 1508 4173 est
1517 4114 1574 4188 quod

439 4222 513 4273 nepae
530 4204 702 4267 idololatriae,
719 4221 794 4273 neque
810 4207 929 4271 conpulsi
941 4222 998 4273 pos
1014 4205 1046 4255 ab
1065 4207 1177 4257 ecclesiis
1189 4208 1310 4260 redditur.
1337 4204 1417 4268 ¹Quale
1433 4216 1573 4275 quanqum

437 4288 554 4342 Montani
564 4288 617 4340 iam
627 4287 742 4341 imbutus
754 4304 838 4342 errore
848 4288 991 4358 scripserit,
1002 4304 1035 4342 ex
1047 4290 1105 4359 ipsa
1115 4296 1200 4343 tamen
1212 4290 1408 4360 argumentandi
1419 4290 1518 4343 ratione
1526 4284 1571 4339 col·

437 4375 533 4443 ligitur,
545 4372 619 4426 certis
627 4372 777 4427 criminibus
786 4374 857 4443 pacis
865 4389 895 4425 ao
903 4374 994 4426 reniae
1003 4390 1076 4445 spem
1086 4392 1132 4445 por
1143 4376 1312 4446 illatempors
1324 4374 1481 4428 subtractam
1491 4374 1570 4427 muse

438 4457 472 4511 Ut
483 4461 552 4513 eninr
561 4475 596 4512 ex
607 4475 649 4523 eo,
662 4457 730 4528 quod
740 4460 768 4511 in
778 4459 844 4512 libro
862 4458 893 4511 de
902 4458 1001 4511 ieiunio
1013 4464 1102 4511 contra
1112 4458 1249 4529 Psychloos
1261 4458 1400 4513 catholicos
1411 4455 1569 4529 tapsensis

439 4544 507 4611 qnod
523 4544 599 4597 unico
611 4542 827 4613 Quadrageaimae
842 4544 939 4599 ieiunio
957 4545 1070 4597 contenti
1088 4552 1188 4598 caetera
1204 4560 1221 4596 s
1235 4544 1398 4597 Montsnistia
1417 4544 1521 4597 iuventa
1536 4556 1568 4593 re

437 4627 583 4696 pudiarent,
595 4629 823 4699 quadragesimalis
834 4630 924 4682 ieiunii
931 4633 1045 4682 vetustas
1054 4628 1103 4681 hoc
1114 4630 1169 4699 ipso
1178 4629 1328 4682 Tertulliani
1336 4628 1482 4681 testimonio
1491 4632 1569 4681 centn

438 4709 578 4767 haereticos
589 4712 724 4767 hodiernos
736 4713 881 4778 adstruitur,
893 4714 931 4767 ita
941 4714 1056 4784 prolecto
1069 4712 1167 4767 duobus
1179 4714 1231 4767 illis
1243 4714 1348 4778 saltam,
1360 4714 1401 4767 rel
1411 4713 1494 4766 tribus
1505 4710 1566 4767 initio

438 4798 550 4869 pcccatis
561 4812 652 4870 pacem
665 4798 762 4853 nullum
777 4798 811 4852 ab
827 4798 935 4852 ecclesia
949 4814 1112 4863 concessam,
1128 4814 1161 4851 ex
1177 4798 1291 4853 eiusdem
1307 4798 1442 4852 suentes
1459 4814 1490 4852 ao
1503 4798 1566 4851 ratio
