<?xml version="1.0" encoding="UTF-8"?>
<!DOCTYPE html PUBLIC "-//W3C//DTD XHTML 1.0 Transitional//EN"
    "http://www.w3.org/TR/xhtml1/DTD/xhtml1-transitional.dtd">
<html xmlns="http://www.w3.org/1999/xhtml" xml:lang="en" lang="en">
 <head>
  <title>
</title>
<meta http-equiv="Content-Type" content="text/html;charset=utf-8" />
  <meta name='ocr-system' content='tesseract 3.04.00' />
  <meta name='ocr-capabilities' content='ocr_page ocr_carea ocr_par ocr_line ocrx_word'/>
</head>
<body>
  <div class='ocr_page' id='page_1' title='image "./sepiphaniiepisc00epipgoog/sepiphaniiepisc00epipgoog_0311.png"; bbox 0 0 3650 5642; ppageno 0'>
   <div class='ocr_carea' id='block_1_1' title="bbox 238 783 1489 4935">
    <p class='ocr_par' dir='ltr' id='par_1_1' title="bbox 431 783 1086 1278">
     <span class='ocr_line' id='line_1_1' title="bbox 435 783 1051 852; baseline -0.002 -17"><span class='ocrx_word' id='word_1_1' title='bbox 435 783 522 835; x_wconf 68' lang='lat' dir='ltr'><strong>Oanis</strong></span> <span class='ocrx_word' id='word_1_2' title='bbox 531 785 596 835; x_wconf 72' lang='lat' dir='ltr'><strong>enin</strong></span> <span class='ocrx_word' id='word_1_3' title='bbox 602 799 656 852; x_wconf 82' lang='lat' dir='ltr'><strong>per</strong></span> <span class='ocrx_word' id='word_1_4' title='bbox 663 797 692 833; x_wconf 76' lang='lat' dir='ltr'><strong>ee</strong></span> <span class='ocrx_word' id='word_1_5' title='bbox 701 783 785 833; x_wconf 73' lang='lat' dir='ltr'><strong>dican</strong></span> <span class='ocrx_word' id='word_1_6' title='bbox 796 789 892 834; x_wconf 79' lang='lat' dir='ltr'><strong>antero</strong></span> <span class='ocrx_word' id='word_1_7' title='bbox 903 795 1002 833; x_wconf 77' lang='lat' dir='ltr'><strong>aecem</strong></span> <span class='ocrx_word' id='word_1_8' title='bbox 1014 791 1051 834; x_wconf 84' lang='lat' dir='ltr'><strong>eet</strong></span> 
     </span>
     <span class='ocr_line' id='line_1_2' title="bbox 433 869 1013 937; baseline -0.003 -17"><span class='ocrx_word' id='word_1_9' title='bbox 433 869 576 921; x_wconf 68' lang='lat' dir='ltr'><strong>locator-tuli</strong></span> <span class='ocrx_word' id='word_1_10' title='bbox 586 887 649 920; x_wconf 77' lang='lat' dir='ltr'><strong>neno</strong></span> <span class='ocrx_word' id='word_1_11' title='bbox 659 885 755 919; x_wconf 80' lang='lat' dir='ltr'><strong>ramam</strong></span> <span class='ocrx_word' id='word_1_12' title='bbox 767 885 822 919; x_wconf 79' lang='lat' dir='ltr'><strong>cam</strong></span> <span class='ocrx_word' id='word_1_13' title='bbox 829 869 1013 937; x_wconf 71' lang='lat' dir='ltr'><strong>poccfruntur</strong></span> 
     </span>
     <span class='ocr_line' id='line_1_3' title="bbox 431 953 1037 1028; baseline 0.002 -23"><span class='ocrx_word' id='word_1_14' title='bbox 431 953 532 1006; x_wconf 77' lang='lat' dir='ltr'><strong>Senotu</strong></span> <span class='ocrx_word' id='word_1_15' title='bbox 544 955 577 1005; x_wconf 76' lang='lat' dir='ltr'><strong>ab</strong></span> <span class='ocrx_word' id='word_1_16' title='bbox 588 957 681 1028; x_wconf 66' lang='lat' dir='ltr'><strong>rrpatrcb</strong></span> <span class='ocrx_word' id='word_1_17' title='bbox 690 953 777 1017; x_wconf 76' lang='lat' dir='ltr'><strong>rebar,</strong></span> <span class='ocrx_word' id='word_1_18' title='bbox 788 956 948 1021; x_wconf 76' lang='lat' dir='ltr'><strong>coiunctnqoe</strong></span> <span class='ocrx_word' id='word_1_19' title='bbox 958 953 1037 1019; x_wconf 78' lang='lat' dir='ltr'><strong>Iuapc.</strong></span> 
     </span>
     <span class='ocr_line' id='line_1_4' title="bbox 434 1039 1042 1108; baseline -0.003 -18"><span class='ocrx_word' id='word_1_20' title='bbox 434 1039 505 1090; x_wconf 80' lang='lat' dir='ltr'><strong>Nom</strong></span> <span class='ocrx_word' id='word_1_21' title='bbox 512 1043 623 1108; x_wconf 79' lang='lat' dir='ltr'><strong>priuato</strong></span> <span class='ocrx_word' id='word_1_22' title='bbox 634 1040 720 1091; x_wconf 74' lang='lat' dir='ltr'><strong>delore</strong></span> <span class='ocrx_word' id='word_1_23' title='bbox 730 1042 809 1101; x_wconf 72' lang='lat' dir='ltr'><strong>oncri,</strong></span> <span class='ocrx_word' id='word_1_24' title='bbox 820 1041 925 1108; x_wconf 67' lang='lat' dir='ltr'><strong>probatu</strong></span> <span class='ocrx_word' id='word_1_25' title='bbox 933 1039 1042 1106; x_wconf 69' lang='lat' dir='ltr'><strong>periclis</strong></span> 
     </span>
     <span class='ocr_line' id='line_1_5' title="bbox 433 1123 1059 1194; baseline 0 -20"><span class='ocrx_word' id='word_1_26' title='bbox 433 1124 499 1193; x_wconf 81' lang='lat' dir='ltr'><strong>Ipao</strong></span> <span class='ocrx_word' id='word_1_27' title='bbox 510 1129 564 1176; x_wconf 73' lang='lat' dir='ltr'><strong>rau</strong></span> <span class='ocrx_word' id='word_1_28' title='bbox 570 1125 670 1193; x_wconf 75' lang='lat' dir='ltr'><strong>pellona</strong></span> <span class='ocrx_word' id='word_1_29' title='bbox 680 1123 780 1194; x_wconf 82' lang='lat' dir='ltr'><strong>opibua,</strong></span> <span class='ocrx_word' id='word_1_30' title='bbox 793 1123 860 1175; x_wconf 72' lang='lat' dir='ltr'><strong>nibil</strong></span> <span class='ocrx_word' id='word_1_31' title='bbox 868 1125 960 1191; x_wconf 71' lang='lat' dir='ltr'><strong>indiqu</strong></span> <span class='ocrx_word' id='word_1_32' title='bbox 972 1125 1059 1186; x_wconf 71' lang='lat' dir='ltr'><strong>nonni,</strong></span> 
     </span>
     <span class='ocr_line' id='line_1_6' title="bbox 433 1207 1086 1278; baseline 0 -18"><span class='ocrx_word' id='word_1_33' title='bbox 433 1207 491 1260; x_wconf 78' lang='lat' dir='ltr'><strong>Nec</strong></span> <span class='ocrx_word' id='word_1_34' title='bbox 502 1209 563 1261; x_wconf 80' lang='lat' dir='ltr'><strong>benc</strong></span> <span class='ocrx_word' id='word_1_35' title='bbox 569 1212 718 1278; x_wconf 70' lang='lat' dir='ltr'><strong>pruneritia</strong></span> <span class='ocrx_word' id='word_1_36' title='bbox 729 1212 840 1277; x_wconf 80' lang='lat' dir='ltr'><strong>capitur,</strong></span> <span class='ocrx_word' id='word_1_37' title='bbox 852 1225 898 1260; x_wconf 81' lang='lat' dir='ltr'><strong>orac</strong></span> <span class='ocrx_word' id='word_1_38' title='bbox 909 1211 1025 1275; x_wconf 75' lang='lat' dir='ltr'><strong>carpitur</strong></span> <span class='ocrx_word' id='word_1_39' title='bbox 1034 1211 1086 1260; x_wconf 81' lang='lat' dir='ltr'><strong>iro.</strong></span> 
     </span>
    </p>

    <p class='ocr_par' dir='ltr' id='par_1_2' title="bbox 238 1289 1390 1703">
     <span class='ocr_line' id='line_1_7' title="bbox 295 1289 1388 1363; baseline -0.001 -18"><span class='ocrx_word' id='word_1_40' title='bbox 295 1292 488 1363; x_wconf 67' lang='grc' dir='ltr'><strong>Ἕβδῳιιιαιτα</strong></span> <span class='ocrx_word' id='word_1_41' title='bbox 498 1293 544 1346; x_wconf 80' lang='lat' dir='ltr'><strong>roo</strong></span> <span class='ocrx_word' id='word_1_42' title='bbox 555 1291 599 1363; x_wconf 73' lang='grc' dir='ltr'><strong>μιν</strong></span> <span class='ocrx_word' id='word_1_43' title='bbox 610 1290 690 1359; x_wconf 49' lang='lat' dir='ltr'><strong>macc&lt;</strong></span> <span class='ocrx_word' id='word_1_44' title='bbox 702 1291 865 1362; x_wconf 72' lang='grc' dir='ltr'><strong>φιλοσοφίαι]</strong></span> <span class='ocrx_word' id='word_1_45' title='bbox 898 1293 995 1346; x_wconf 79' lang='lat' dir='ltr'><strong>Mirum</strong></span> <span class='ocrx_word' id='word_1_46' title='bbox 1006 1297 1046 1345; x_wconf 86' lang='lat' dir='ltr'><strong>tot</strong></span> <span class='ocrx_word' id='word_1_47' title='bbox 1056 1289 1125 1363; x_wconf 83' lang='lat' dir='ltr'><strong>apud</strong></span> <span class='ocrx_word' id='word_1_48' title='bbox 1135 1291 1213 1345; x_wconf 81' lang='lat' dir='ltr'><strong>indua</strong></span> <span class='ocrx_word' id='word_1_49' title='bbox 1223 1289 1388 1362; x_wconf 84' lang='lat' dir='ltr'><strong>pbiloaopbo·</strong></span> 
     </span>
     <span class='ocr_line' id='line_1_8' title="bbox 238 1376 1389 1449; baseline -0.001 -18"><span class='ocrx_word' id='word_1_50' title='bbox 238 1394 287 1431; x_wconf 88' lang='lat' dir='ltr'><strong>rum</strong></span> <span class='ocrx_word' id='word_1_51' title='bbox 297 1385 386 1432; x_wconf 78' lang='lat' dir='ltr'><strong>sectas</strong></span> <span class='ocrx_word' id='word_1_52' title='bbox 397 1379 527 1442; x_wconf 80' lang='lat' dir='ltr'><strong>extitiaae3</strong></span> <span class='ocrx_word' id='word_1_53' title='bbox 539 1378 609 1449; x_wconf 84' lang='lat' dir='ltr'><strong>quod</strong></span> <span class='ocrx_word' id='word_1_54' title='bbox 619 1379 709 1432; x_wconf 88' lang='lat' dir='ltr'><strong>neaoio</strong></span> <span class='ocrx_word' id='word_1_55' title='bbox 720 1394 753 1431; x_wconf 85' lang='lat' dir='ltr'><strong>an</strong></span> <span class='ocrx_word' id='word_1_56' title='bbox 763 1378 830 1432; x_wconf 83' lang='lat' dir='ltr'><strong>nliua</strong></span> <span class='ocrx_word' id='word_1_57' title='bbox 841 1377 988 1448; x_wconf 83' lang='lat' dir='ltr'><strong>prodiderit</strong></span> <span class='ocrx_word' id='word_1_58' title='bbox 1010 1377 1103 1431; x_wconf 80' lang='lat' dir='ltr'><strong>Strabo</strong></span> <span class='ocrx_word' id='word_1_59' title='bbox 1114 1377 1159 1432; x_wconf 89' lang='lat' dir='ltr'><strong>lib.</strong></span> <span class='ocrx_word' id='word_1_60' title='bbox 1169 1395 1211 1431; x_wconf 84' lang='lat' dir='ltr'><strong>rr.</strong></span> <span class='ocrx_word' id='word_1_61' title='bbox 1224 1377 1256 1429; x_wconf 89' lang='lat' dir='ltr'><strong>da</strong></span> <span class='ocrx_word' id='word_1_62' title='bbox 1267 1376 1389 1430; x_wconf 87' lang='lat' dir='ltr'><strong>ludorum</strong></span> 
     </span>
     <span class='ocr_line' id='line_1_9' title="bbox 239 1460 1388 1534; baseline -0.001 -18"><span class='ocrx_word' id='word_1_63' title='bbox 239 1465 307 1516; x_wconf 69' lang='lat' dir='ltr'><strong>metir</strong></span> <span class='ocrx_word' id='word_1_64' title='bbox 323 1464 382 1533; x_wconf 73' lang='lat' dir='ltr'><strong>ugit</strong></span> <span class='ocrx_word' id='word_1_65' title='bbox 398 1471 532 1528; x_wconf 80' lang='lat' dir='ltr'><strong>accurate,</strong></span> <span class='ocrx_word' id='word_1_66' title='bbox 549 1479 616 1533; x_wconf 84' lang='lat' dir='ltr'><strong>quaa</strong></span> <span class='ocrx_word' id='word_1_67' title='bbox 633 1463 667 1516; x_wconf 79' lang='lat' dir='ltr'><strong>ad</strong></span> <span class='ocrx_word' id='word_1_68' title='bbox 686 1463 738 1516; x_wconf 83' lang='lat' dir='ltr'><strong>duo</strong></span> <span class='ocrx_word' id='word_1_69' title='bbox 757 1463 844 1534; x_wconf 81' lang='lat' dir='ltr'><strong>capita</strong></span> <span class='ocrx_word' id='word_1_70' title='bbox 862 1469 979 1528; x_wconf 82' lang='lat' dir='ltr'><strong>revocat,</strong></span> <span class='ocrx_word' id='word_1_71' title='bbox 999 1461 1174 1516; x_wconf 82' lang='lat' dir='ltr'><strong>Brachmanae</strong></span> <span class='ocrx_word' id='word_1_72' title='bbox 1193 1467 1219 1514; x_wconf 90' lang='lat' dir='ltr'><strong>et</strong></span> <span class='ocrx_word' id='word_1_73' title='bbox 1237 1460 1388 1516; x_wconf 83' lang='lat' dir='ltr'><strong>Germanae.</strong></span> 
     </span>
     <span class='ocr_line' id='line_1_10' title="bbox 239 1545 1390 1619; baseline 0 -19"><span class='ocrx_word' id='word_1_74' title='bbox 239 1547 372 1602; x_wconf 73' lang='lat' dir='ltr'><strong>Sciendum</strong></span> <span class='ocrx_word' id='word_1_75' title='bbox 387 1555 533 1602; x_wconf 81' lang='lat' dir='ltr'><strong>errantem</strong></span> <span class='ocrx_word' id='word_1_76' title='bbox 548 1547 722 1619; x_wconf 67' lang='lat' dir='ltr'><strong>Epiphaniam</strong></span> <span class='ocrx_word' id='word_1_77' title='bbox 736 1546 836 1618; x_wconf 76' lang='grc' dir='ltr'><strong>αιρισιις</strong></span> <span class='ocrx_word' id='word_1_78' title='bbox 853 1549 908 1601; x_wconf 81' lang='lat' dir='ltr'><strong>rire</strong></span> <span class='ocrx_word' id='word_1_79' title='bbox 924 1553 1008 1602; x_wconf 83' lang='lat' dir='ltr'><strong>aeotna</strong></span> <span class='ocrx_word' id='word_1_80' title='bbox 1020 1547 1149 1618; x_wconf 82' lang='lat' dir='ltr'><strong>appellare</strong></span> <span class='ocrx_word' id='word_1_81' title='bbox 1159 1546 1278 1600; x_wconf 76' lang='lat' dir='ltr'><strong>instituta</strong></span> <span class='ocrx_word' id='word_1_82' title='bbox 1287 1545 1390 1600; x_wconf 80' lang='lat' dir='ltr'><strong>vivendi</strong></span> 
     </span>
     <span class='ocr_line' id='line_1_11' title="bbox 239 1632 1239 1703; baseline 0 -19"><span class='ocrx_word' id='word_1_83' title='bbox 239 1649 265 1684; x_wconf 83' lang='lat' dir='ltr'><strong>ec</strong></span> <span class='ocrx_word' id='word_1_84' title='bbox 274 1633 389 1687; x_wconf 83' lang='lat' dir='ltr'><strong>direraoa</strong></span> <span class='ocrx_word' id='word_1_85' title='bbox 400 1635 519 1703; x_wconf 77' lang='lat' dir='ltr'><strong>gentium</strong></span> <span class='ocrx_word' id='word_1_86' title='bbox 530 1634 608 1698; x_wconf 72' lang='lat' dir='ltr'><strong>ritus,</strong></span> <span class='ocrx_word' id='word_1_87' title='bbox 619 1633 765 1686; x_wconf 79' lang='lat' dir='ltr'><strong>cuiusmodi</strong></span> <span class='ocrx_word' id='word_1_88' title='bbox 775 1633 978 1686; x_wconf 70' lang='lat' dir='ltr'><strong>Innumerabiles</strong></span> <span class='ocrx_word' id='word_1_89' title='bbox 989 1632 1081 1686; x_wconf 84' lang='lat' dir='ltr'><strong>confici</strong></span> <span class='ocrx_word' id='word_1_90' title='bbox 1091 1635 1239 1702; x_wconf 84' lang='lat' dir='ltr'><strong>potuerunt.</strong></span> 
     </span>
    </p>

    <p class='ocr_par' dir='ltr' id='par_1_3' title="bbox 240 1715 1389 2128">
     <span class='ocr_line' id='line_1_12' title="bbox 297 1715 1389 1786; baseline -0.001 -15"><span class='ocrx_word' id='word_1_91' title='bbox 297 1717 328 1772; x_wconf 67' lang='lat' dir='ltr'><strong>tt.</strong></span> <span class='ocrx_word' id='word_1_92' title='bbox 341 1736 370 1772; x_wconf 86' lang='lat' dir='ltr'><strong>x.</strong></span> <span class='ocrx_word' id='word_1_93' title='bbox 393 1716 428 1769; x_wconf 71' lang='lat' dir='ltr'><strong>*n</strong></span> <span class='ocrx_word' id='word_1_94' title='bbox 441 1715 531 1770; x_wconf 65' lang='lat' dir='ltr'><strong>beonoc</strong></span> <span class='ocrx_word' id='word_1_95' title='bbox 541 1715 566 1769; x_wconf 77' lang='grc' dir='ltr'><strong>ἐν</strong></span> <span class='ocrx_word' id='word_1_96' title='bbox 577 1721 630 1780; x_wconf 79' lang='grc' dir='ltr'><strong>ταῖς</strong></span> <span class='ocrx_word' id='word_1_97' title='bbox 640 1718 759 1786; x_wconf 74' lang='grc' dir='ltr'><strong>Δαύνιοι]</strong></span> <span class='ocrx_word' id='word_1_98' title='bbox 794 1717 865 1782; x_wconf 80' lang='lat' dir='ltr'><strong>Quor</strong></span> <span class='ocrx_word' id='word_1_99' title='bbox 881 1717 923 1771; x_wconf 85' lang='lat' dir='ltr'><strong>bic</strong></span> <span class='ocrx_word' id='word_1_100' title='bbox 937 1717 1068 1771; x_wconf 83' lang='lat' dir='ltr'><strong>Daunidaa</strong></span> <span class='ocrx_word' id='word_1_101' title='bbox 1083 1717 1213 1786; x_wconf 82' lang='lat' dir='ltr'><strong>intelligat</strong></span> <span class='ocrx_word' id='word_1_102' title='bbox 1223 1715 1389 1770; x_wconf 71' lang='lat' dir='ltr'><strong>divinandum</strong></span> 
     </span>
     <span class='ocr_line' id='line_1_13' title="bbox 240 1799 1388 1874; baseline -0.001 -20"><span class='ocrx_word' id='word_1_103' title='bbox 240 1809 281 1854; x_wconf 80' lang='lat' dir='ltr'><strong>eat</strong></span> <span class='ocrx_word' id='word_1_104' title='bbox 308 1803 371 1855; x_wconf 85' lang='lat' dir='ltr'><strong>Non</strong></span> <span class='ocrx_word' id='word_1_105' title='bbox 381 1804 453 1856; x_wconf 89' lang='lat' dir='ltr'><strong>enim</strong></span> <span class='ocrx_word' id='word_1_106' title='bbox 464 1803 498 1858; x_wconf 81' lang='lat' dir='ltr'><strong>ad</strong></span> <span class='ocrx_word' id='word_1_107' title='bbox 509 1803 627 1868; x_wconf 84' lang='lat' dir='ltr'><strong>Daunoa,</strong></span> <span class='ocrx_word' id='word_1_108' title='bbox 641 1804 740 1873; x_wconf 81' lang='lat' dir='ltr'>opinor,</span> <span class='ocrx_word' id='word_1_109' title='bbox 751 1803 841 1856; x_wconf 88' lang='lat' dir='ltr'><strong>Italiae</strong></span> <span class='ocrx_word' id='word_1_110' title='bbox 852 1804 977 1874; x_wconf 89' lang='lat' dir='ltr'><strong>populum</strong></span> <span class='ocrx_word' id='word_1_111' title='bbox 989 1817 1035 1873; x_wconf 89' lang='lat' dir='ltr'><strong>par</strong></span> <span class='ocrx_word' id='word_1_112' title='bbox 1046 1807 1087 1855; x_wconf 89' lang='lat' dir='ltr'><strong>eat</strong></span> <span class='ocrx_word' id='word_1_113' title='bbox 1097 1801 1194 1855; x_wconf 84' lang='lat' dir='ltr'><strong>raierri.</strong></span> <span class='ocrx_word' id='word_1_114' title='bbox 1225 1799 1278 1854; x_wconf 85' lang='lat' dir='ltr'><strong>lam</strong></span> <span class='ocrx_word' id='word_1_115' title='bbox 1290 1799 1388 1866; x_wconf 84' lang='lat' dir='ltr'><strong>Zinebi,</strong></span> 
     </span>
     <span class='ocr_line' id='line_1_14' title="bbox 240 1885 1388 1953; baseline 0.001 -15"><span class='ocrx_word' id='word_1_116' title='bbox 240 1889 287 1940; x_wconf 85' lang='lat' dir='ltr'><strong>rire</strong></span> <span class='ocrx_word' id='word_1_117' title='bbox 300 1887 404 1953; x_wconf 87' lang='lat' dir='ltr'><strong>Ziccbi,</strong></span> <span class='ocrx_word' id='word_1_118' title='bbox 421 1887 454 1941; x_wconf 82' lang='lat' dir='ltr'><strong>ad</strong></span> <span class='ocrx_word' id='word_1_119' title='bbox 469 1888 582 1941; x_wconf 81' lang='lat' dir='ltr'><strong>Pontum</strong></span> <span class='ocrx_word' id='word_1_120' title='bbox 598 1888 731 1942; x_wconf 79' lang='lat' dir='ltr'><strong>Euxinum</strong></span> <span class='ocrx_word' id='word_1_121' title='bbox 746 1889 775 1942; x_wconf 92' lang='lat' dir='ltr'><strong>iu</strong></span> <span class='ocrx_word' id='word_1_122' title='bbox 790 1889 921 1941; x_wconf 77' lang='lat' dir='ltr'><strong>Sarmatia</strong></span> <span class='ocrx_word' id='word_1_123' title='bbox 935 1889 1049 1941; x_wconf 74' lang='lat' dir='ltr'><strong>Asiatica</strong></span> <span class='ocrx_word' id='word_1_124' title='bbox 1065 1887 1224 1940; x_wconf 87' lang='lat' dir='ltr'><strong>collocantur</strong></span> <span class='ocrx_word' id='word_1_125' title='bbox 1241 1885 1274 1938; x_wconf 90' lang='lat' dir='ltr'><strong>ab</strong></span> <span class='ocrx_word' id='word_1_126' title='bbox 1285 1886 1388 1940; x_wconf 81' lang='grc' dir='ltr'><strong>Διίαιισ.</strong></span> 
     </span>
     <span class='ocr_line' id='line_1_15' title="bbox 242 1971 1389 2043; baseline 0 -19"><span class='ocrx_word' id='word_1_127' title='bbox 242 1971 291 2024; x_wconf 77' lang='lat' dir='ltr'><strong>ueri</strong></span> <span class='ocrx_word' id='word_1_128' title='bbox 300 1980 390 2026; x_wconf 85' lang='lat' dir='ltr'><strong>utrum</strong></span> <span class='ocrx_word' id='word_1_129' title='bbox 403 1973 496 2026; x_wconf 88' lang='lat' dir='ltr'><strong>Geloni</strong></span> <span class='ocrx_word' id='word_1_130' title='bbox 506 1974 560 2026; x_wconf 89' lang='lat' dir='ltr'><strong>aint</strong></span> <span class='ocrx_word' id='word_1_131' title='bbox 569 1989 624 2026; x_wconf 91' lang='lat' dir='ltr'><strong>non</strong></span> <span class='ocrx_word' id='word_1_132' title='bbox 634 1974 724 2043; x_wconf 86' lang='lat' dir='ltr'><strong>liquet.</strong></span> <span class='ocrx_word' id='word_1_133' title='bbox 749 1973 817 2026; x_wconf 84' lang='lat' dir='ltr'><strong>(ielti</strong></span> <span class='ocrx_word' id='word_1_134' title='bbox 832 1971 938 2043; x_wconf 84' lang='lat' dir='ltr'><strong>quidem</strong></span> <span class='ocrx_word' id='word_1_135' title='bbox 953 1975 981 2026; x_wconf 92' lang='lat' dir='ltr'><strong>iu</strong></span> <span class='ocrx_word' id='word_1_136' title='bbox 992 1973 1141 2026; x_wconf 74' lang='lat' dir='ltr'><strong>Mamertini</strong></span> <span class='ocrx_word' id='word_1_137' title='bbox 1151 1971 1277 2042; x_wconf 75' lang='lat' dir='ltr'><strong>Panegyr.</strong></span> <span class='ocrx_word' id='word_1_138' title='bbox 1289 1971 1322 2024; x_wconf 85' lang='lat' dir='ltr'><strong>ud</strong></span> <span class='ocrx_word' id='word_1_139' title='bbox 1333 1971 1389 2024; x_wconf 82' lang='lat' dir='ltr'><strong>Ma·</strong></span> 
     </span>
     <span class='ocr_line' id='line_1_16' title="bbox 241 2057 1056 2128; baseline 0.001 -19"><span class='ocrx_word' id='word_1_140' title='bbox 241 2057 379 2111; x_wconf 71' lang='lat' dir='ltr'><strong>nimiruum</strong></span> <span class='ocrx_word' id='word_1_141' title='bbox 389 2059 480 2128; x_wconf 88' lang='lat' dir='ltr'><strong>populi</strong></span> <span class='ocrx_word' id='word_1_142' title='bbox 491 2059 596 2128; x_wconf 84' lang='lat' dir='ltr'><strong>quidam</strong></span> <span class='ocrx_word' id='word_1_143' title='bbox 608 2065 751 2122; x_wconf 80' lang='lat' dir='ltr'><strong>cuneantur,</strong></span> <span class='ocrx_word' id='word_1_144' title='bbox 762 2063 794 2111; x_wconf 92' lang='lat' dir='ltr'><strong>nt</strong></span> <span class='ocrx_word' id='word_1_145' title='bbox 804 2059 925 2111; x_wconf 84' lang='lat' dir='ltr'><strong>obaerrat</strong></span> <span class='ocrx_word' id='word_1_146' title='bbox 935 2058 1056 2111; x_wconf 85' lang='lat' dir='ltr'><strong>Orteliua.</strong></span> 
     </span>
    </p>

    <p class='ocr_par' dir='ltr' id='par_1_4' title="bbox 241 2140 1390 3490">
     <span class='ocr_line' id='line_1_17' title="bbox 297 2140 1389 2212; baseline 0.001 -17"><span class='ocrx_word' id='word_1_147' title='bbox 297 2141 369 2195; x_wconf 81' lang='grc' dir='ltr'><strong>Ὅσα</strong></span> <span class='ocrx_word' id='word_1_148' title='bbox 380 2159 406 2195; x_wconf 78' lang='grc' dir='ltr'><strong>τι</strong></span> <span class='ocrx_word' id='word_1_149' title='bbox 417 2140 496 2212; x_wconf 80' lang='grc' dir='ltr'>ἄλλα,</span> <span class='ocrx_word' id='word_1_150' title='bbox 508 2141 540 2196; x_wconf 73' lang='grc' dir='ltr'><strong>τά</strong></span> <span class='ocrx_word' id='word_1_151' title='bbox 551 2161 576 2196; x_wconf 83' lang='grc' dir='ltr'><strong>τι</strong></span> <span class='ocrx_word' id='word_1_152' title='bbox 587 2141 612 2195; x_wconf 74' lang='grc' dir='ltr'><strong>ιν</strong></span> <span class='ocrx_word' id='word_1_153' title='bbox 624 2141 765 2211; x_wconf 75' lang='grc' dir='ltr'>Ἐλευσῖνα]</span> <span class='ocrx_word' id='word_1_154' title='bbox 791 2144 878 2197; x_wconf 87' lang='lat' dir='ltr'><strong>Pauca</strong></span> <span class='ocrx_word' id='word_1_155' title='bbox 890 2159 923 2196; x_wconf 84' lang='lat' dir='ltr'><strong>er</strong></span> <span class='ocrx_word' id='word_1_156' title='bbox 935 2143 1044 2196; x_wconf 77' lang='lat' dir='ltr'><strong>infinitis</strong></span> <span class='ocrx_word' id='word_1_157' title='bbox 1054 2141 1244 2195; x_wconf 82' lang='lat' dir='ltr'><strong>Eleuriniorum</strong></span> <span class='ocrx_word' id='word_1_158' title='bbox 1255 2141 1347 2195; x_wconf 78' lang='lat' dir='ltr'><strong>ritibus</strong></span> <span class='ocrx_word' id='word_1_159' title='bbox 1358 2157 1389 2196; x_wconf 84' lang='lat' dir='ltr'><strong>ac</strong></span> 
     </span>
     <span class='ocr_line' id='line_1_18' title="bbox 242 2227 1389 2299; baseline 0.001 -20"><span class='ocrx_word' id='word_1_160' title='bbox 242 2229 386 2281; x_wconf 72' lang='lat' dir='ltr'><strong>ceremoniis</strong></span> <span class='ocrx_word' id='word_1_161' title='bbox 397 2230 527 2299; x_wconf 78' lang='lat' dir='ltr'><strong>expreaait</strong></span> <span class='ocrx_word' id='word_1_162' title='bbox 537 2245 551 2281; x_wconf 95' lang='lat' dir='ltr'><strong>e</strong></span> <span class='ocrx_word' id='word_1_163' title='bbox 563 2228 695 2282; x_wconf 81' lang='lat' dir='ltr'><strong>Clemente</strong></span> <span class='ocrx_word' id='word_1_164' title='bbox 705 2229 733 2282; x_wconf 90' lang='lat' dir='ltr'><strong>in</strong></span> <span class='ocrx_word' id='word_1_165' title='bbox 743 2227 868 2298; x_wconf 85' lang='lat' dir='ltr'><strong>Protrept.</strong></span> <span class='ocrx_word' id='word_1_166' title='bbox 882 2243 961 2298; x_wconf 87' lang='lat' dir='ltr'><strong>quem</strong></span> <span class='ocrx_word' id='word_1_167' title='bbox 975 2234 1004 2280; x_wconf 90' lang='lat' dir='ltr'><strong>tn</strong></span> <span class='ocrx_word' id='word_1_168' title='bbox 1021 2227 1139 2290; x_wconf 85' lang='lat' dir='ltr'><strong>conanic,</strong></span> <span class='ocrx_word' id='word_1_169' title='bbox 1156 2233 1185 2280; x_wconf 89' lang='lat' dir='ltr'><strong>nt</strong></span> <span class='ocrx_word' id='word_1_170' title='bbox 1201 2233 1227 2282; x_wconf 87' lang='lat' dir='ltr'><strong>et</strong></span> <span class='ocrx_word' id='word_1_171' title='bbox 1237 2227 1389 2293; x_wconf 83' lang='lat' dir='ltr'><strong>Arncbiunr,</strong></span> 
     </span>
     <span class='ocr_line' id='line_1_19' title="bbox 241 2311 1389 2384; baseline -0.001 -19"><span class='ocrx_word' id='word_1_172' title='bbox 241 2311 349 2383; x_wconf 71' lang='lat' dir='ltr'><strong>aliosque</strong></span> <span class='ocrx_word' id='word_1_173' title='bbox 365 2319 421 2366; x_wconf 86' lang='lat' dir='ltr'><strong>tam</strong></span> <span class='ocrx_word' id='word_1_174' title='bbox 431 2319 531 2367; x_wconf 83' lang='lat' dir='ltr'><strong>veterae</strong></span> <span class='ocrx_word' id='word_1_175' title='bbox 548 2331 626 2384; x_wconf 88' lang='lat' dir='ltr'><strong>quam</strong></span> <span class='ocrx_word' id='word_1_176' title='bbox 642 2315 799 2368; x_wconf 85' lang='lat' dir='ltr'><strong>recentiorea</strong></span> <span class='ocrx_word' id='word_1_177' title='bbox 816 2315 862 2384; x_wconf 89' lang='lat' dir='ltr'><strong>qui</strong></span> <span class='ocrx_word' id='word_1_178' title='bbox 881 2314 912 2366; x_wconf 80' lang='lat' dir='ltr'><strong>de</strong></span> <span class='ocrx_word' id='word_1_179' title='bbox 929 2312 1028 2366; x_wconf 76' lang='lat' dir='ltr'><strong>Cereris</strong></span> <span class='ocrx_word' id='word_1_180' title='bbox 1044 2312 1174 2382; x_wconf 73' lang='lat' dir='ltr'><strong>mysteriis</strong></span> <span class='ocrx_word' id='word_1_181' title='bbox 1191 2311 1389 2380; x_wconf 80' lang='lat' dir='ltr'><strong>diligentiorime</strong></span> 
     </span>
     <span class='ocr_line' id='line_1_20' title="bbox 242 2395 1388 2468; baseline 0.002 -20"><span class='ocrx_word' id='word_1_182' title='bbox 242 2399 400 2468; x_wconf 70' lang='lat' dir='ltr'><strong>scripserunt.</strong></span> <span class='ocrx_word' id='word_1_183' title='bbox 434 2399 469 2452; x_wconf 83' lang='lat' dir='ltr'><strong>Et</strong></span> <span class='ocrx_word' id='word_1_184' title='bbox 483 2417 532 2452; x_wconf 88' lang='lat' dir='ltr'><strong>noa</strong></span> <span class='ocrx_word' id='word_1_185' title='bbox 547 2401 575 2453; x_wconf 93' lang='lat' dir='ltr'><strong>in</strong></span> <span class='ocrx_word' id='word_1_186' title='bbox 586 2399 769 2453; x_wconf 86' lang='lat' dir='ltr'><strong>Themiatiania</strong></span> <span class='ocrx_word' id='word_1_187' title='bbox 781 2398 854 2452; x_wconf 80' lang='lat' dir='ltr'><strong>Notio</strong></span> <span class='ocrx_word' id='word_1_188' title='bbox 866 2397 935 2452; x_wconf 85' lang='lat' dir='ltr'><strong>haud</strong></span> <span class='ocrx_word' id='word_1_189' title='bbox 946 2413 1030 2468; x_wconf 87' lang='lat' dir='ltr'><strong>pauca</strong></span> <span class='ocrx_word' id='word_1_190' title='bbox 1041 2397 1205 2451; x_wconf 83' lang='lat' dir='ltr'><strong>contulimus.</strong></span> <span class='ocrx_word' id='word_1_191' title='bbox 1241 2395 1313 2460; x_wconf 81' lang='lat' dir='ltr'><strong>Quae</strong></span> <span class='ocrx_word' id='word_1_192' title='bbox 1324 2397 1388 2450; x_wconf 84' lang='lat' dir='ltr'><strong>adeo</strong></span> 
     </span>
     <span class='ocr_line' id='line_1_21' title="bbox 242 2481 1388 2554; baseline 0.001 -21"><span class='ocrx_word' id='word_1_193' title='bbox 242 2485 363 2538; x_wconf 84' lang='lat' dir='ltr'><strong>nonnullia</strong></span> <span class='ocrx_word' id='word_1_194' title='bbox 374 2485 563 2554; x_wconf 86' lang='lat' dir='ltr'><strong>perenaeimna,</strong></span> <span class='ocrx_word' id='word_1_195' title='bbox 579 2489 610 2538; x_wconf 93' lang='lat' dir='ltr'><strong>ut</strong></span> <span class='ocrx_word' id='word_1_196' title='bbox 623 2485 680 2537; x_wconf 83' lang='lat' dir='ltr'><strong>aino</strong></span> <span class='ocrx_word' id='word_1_197' title='bbox 696 2485 752 2536; x_wconf 87' lang='lat' dir='ltr'><strong>ulla</strong></span> <span class='ocrx_word' id='word_1_198' title='bbox 762 2485 918 2554; x_wconf 80' lang='lat' dir='ltr'><strong>cuiusquam</strong></span> <span class='ocrx_word' id='word_1_199' title='bbox 929 2483 1060 2536; x_wconf 89' lang='lat' dir='ltr'><strong>mantione</strong></span> <span class='ocrx_word' id='word_1_200' title='bbox 1072 2488 1196 2551; x_wconf 81' lang='lat' dir='ltr'><strong>tunquam</strong></span> <span class='ocrx_word' id='word_1_201' title='bbox 1207 2483 1315 2551; x_wconf 77' lang='lat' dir='ltr'><strong>vulgata</strong></span> <span class='ocrx_word' id='word_1_202' title='bbox 1325 2487 1351 2534; x_wconf 89' lang='lat' dir='ltr'><strong>et</strong></span> <span class='ocrx_word' id='word_1_203' title='bbox 1361 2481 1388 2534; x_wconf 93' lang='lat' dir='ltr'><strong>in</strong></span> 
     </span>
     <span class='ocr_line' id='line_1_22' title="bbox 242 2565 1388 2640; baseline -0.001 -21"><span class='ocrx_word' id='word_1_204' title='bbox 242 2569 351 2622; x_wconf 75' lang='lat' dir='ltr'><strong>mutesco</strong></span> <span class='ocrx_word' id='word_1_205' title='bbox 369 2570 439 2639; x_wconf 83' lang='lat' dir='ltr'><strong>apud</strong></span> <span class='ocrx_word' id='word_1_206' title='bbox 456 2585 546 2622; x_wconf 83' lang='lat' dir='ltr'><strong>omnen</strong></span> <span class='ocrx_word' id='word_1_207' title='bbox 563 2570 661 2640; x_wconf 82' lang='lat' dir='ltr'><strong>punita,</strong></span> <span class='ocrx_word' id='word_1_208' title='bbox 679 2585 747 2638; x_wconf 78' lang='lat' dir='ltr'><strong>quau</strong></span> <span class='ocrx_word' id='word_1_209' title='bbox 763 2569 820 2622; x_wconf 89' lang='lat' dir='ltr'><strong>aine</strong></span> <span class='ocrx_word' id='word_1_210' title='bbox 836 2569 915 2622; x_wconf 86' lang='lat' dir='ltr'><strong>dubio</strong></span> <span class='ocrx_word' id='word_1_211' title='bbox 933 2585 967 2622; x_wconf 84' lang='lat' dir='ltr'><strong>er</strong></span> <span class='ocrx_word' id='word_1_212' title='bbox 984 2567 1079 2622; x_wconf 84' lang='lat' dir='ltr'><strong>nostrie</strong></span> <span class='ocrx_word' id='word_1_213' title='bbox 1096 2567 1148 2620; x_wconf 87' lang='lat' dir='ltr'><strong>illia</strong></span> <span class='ocrx_word' id='word_1_214' title='bbox 1165 2565 1316 2629; x_wconf 80' lang='lat' dir='ltr'><strong>hauserant,</strong></span> <span class='ocrx_word' id='word_1_215' title='bbox 1333 2565 1388 2618; x_wconf 87' lang='lat' dir='ltr'><strong>auia</strong></span> 
     </span>
     <span class='ocr_line' id='line_1_23' title="bbox 242 2651 1388 2724; baseline 0 -21"><span class='ocrx_word' id='word_1_216' title='bbox 242 2655 425 2708; x_wconf 76' lang='lat' dir='ltr'><strong>conmentariia</strong></span> <span class='ocrx_word' id='word_1_217' title='bbox 435 2655 569 2724; x_wconf 79' lang='lat' dir='ltr'><strong>illigarint</strong></span> <span class='ocrx_word' id='word_1_218' title='bbox 591 2653 666 2718; x_wconf 85' lang='lat' dir='ltr'><strong>Quod</strong></span> <span class='ocrx_word' id='word_1_219' title='bbox 676 2661 778 2708; x_wconf 85' lang='lat' dir='ltr'><strong>tantum</strong></span> <span class='ocrx_word' id='word_1_220' title='bbox 789 2654 864 2707; x_wconf 87' lang='lat' dir='ltr'><strong>abeat</strong></span> <span class='ocrx_word' id='word_1_221' title='bbox 874 2661 904 2708; x_wconf 92' lang='lat' dir='ltr'><strong>ut</strong></span> <span class='ocrx_word' id='word_1_222' title='bbox 914 2655 1022 2706; x_wconf 81' lang='lat' dir='ltr'><strong>moleste</strong></span> <span class='ocrx_word' id='word_1_223' title='bbox 1033 2653 1163 2718; x_wconf 78' lang='lat' dir='ltr'><strong>ieramus,</strong></span> <span class='ocrx_word' id='word_1_224' title='bbox 1174 2659 1204 2705; x_wconf 91' lang='lat' dir='ltr'><strong>ut</strong></span> <span class='ocrx_word' id='word_1_225' title='bbox 1214 2652 1326 2722; x_wconf 83' lang='lat' dir='ltr'><strong>gratiam</strong></span> <span class='ocrx_word' id='word_1_226' title='bbox 1336 2651 1388 2704; x_wconf 83' lang='lat' dir='ltr'><strong>illia</strong></span> 
     </span>
     <span class='ocr_line' id='line_1_24' title="bbox 242 2736 1389 2810; baseline -0.002 -20"><span class='ocrx_word' id='word_1_227' title='bbox 242 2738 311 2792; x_wconf 82' lang='lat' dir='ltr'><strong>etiam</strong></span> <span class='ocrx_word' id='word_1_228' title='bbox 321 2741 391 2793; x_wconf 84' lang='lat' dir='ltr'><strong>uitro</strong></span> <span class='ocrx_word' id='word_1_229' title='bbox 399 2740 551 2805; x_wconf 73' lang='lat' dir='ltr'><strong>debeamus,</strong></span> <span class='ocrx_word' id='word_1_230' title='bbox 562 2739 632 2810; x_wconf 80' lang='lat' dir='ltr'><strong>quod</strong></span> <span class='ocrx_word' id='word_1_231' title='bbox 643 2756 711 2810; x_wconf 90' lang='lat' dir='ltr'><strong>qnae</strong></span> <span class='ocrx_word' id='word_1_232' title='bbox 722 2740 834 2810; x_wconf 87' lang='lat' dir='ltr'><strong>primurn</strong></span> <span class='ocrx_word' id='word_1_233' title='bbox 846 2755 862 2792; x_wconf 92' lang='lat' dir='ltr'><strong>a</strong></span> <span class='ocrx_word' id='word_1_234' title='bbox 873 2740 949 2792; x_wconf 78' lang='lat' dir='ltr'><strong>nobis</strong></span> <span class='ocrx_word' id='word_1_235' title='bbox 961 2743 1094 2808; x_wconf 87' lang='lat' dir='ltr'><strong>comperta</strong></span> <span class='ocrx_word' id='word_1_236' title='bbox 1104 2738 1192 2792; x_wconf 88' lang='lat' dir='ltr'><strong>timide</strong></span> <span class='ocrx_word' id='word_1_237' title='bbox 1204 2753 1236 2791; x_wconf 84' lang='lat' dir='ltr'><strong>ac</strong></span> <span class='ocrx_word' id='word_1_238' title='bbox 1244 2736 1389 2790; x_wconf 85' lang='lat' dir='ltr'><strong>diffidenter</strong></span> 
     </span>
     <span class='ocr_line' id='line_1_25' title="bbox 243 2823 1389 2895; baseline -0.003 -17"><span class='ocrx_word' id='word_1_239' title='bbox 243 2825 365 2894; x_wconf 75' lang='lat' dir='ltr'><strong>proposita</strong></span> <span class='ocrx_word' id='word_1_240' title='bbox 375 2825 429 2878; x_wconf 84' lang='lat' dir='ltr'><strong>illic</strong></span> <span class='ocrx_word' id='word_1_241' title='bbox 440 2831 526 2890; x_wconf 88' lang='lat' dir='ltr'><strong>eraut,</strong></span> <span class='ocrx_word' id='word_1_242' title='bbox 540 2841 573 2878; x_wconf 85' lang='lat' dir='ltr'><strong>ea</strong></span> <span class='ocrx_word' id='word_1_243' title='bbox 583 2841 630 2895; x_wconf 92' lang='lat' dir='ltr'><strong>pro</strong></span> <span class='ocrx_word' id='word_1_244' title='bbox 640 2825 771 2878; x_wconf 83' lang='lat' dir='ltr'><strong>reteribur</strong></span> <span class='ocrx_word' id='word_1_245' title='bbox 784 2841 814 2878; x_wconf 86' lang='lat' dir='ltr'><strong>ae</strong></span> <span class='ocrx_word' id='word_1_246' title='bbox 824 2826 936 2895; x_wconf 72' lang='lat' dir='ltr'><strong>receptis</strong></span> <span class='ocrx_word' id='word_1_247' title='bbox 947 2823 1095 2889; x_wconf 78' lang='lat' dir='ltr'><strong>habuerint,</strong></span> <span class='ocrx_word' id='word_1_248' title='bbox 1108 2823 1332 2892; x_wconf 73' lang='lat' dir='ltr'><strong>observationique</strong></span> <span class='ocrx_word' id='word_1_249' title='bbox 1343 2837 1389 2875; x_wconf 93' lang='lat' dir='ltr'><strong>no·</strong></span> 
     </span>
     <span class='ocr_line' id='line_1_26' title="bbox 243 2907 1389 2980; baseline -0.003 -18"><span class='ocrx_word' id='word_1_250' title='bbox 243 2915 302 2962; x_wconf 80' lang='lat' dir='ltr'><strong>atrae</strong></span> <span class='ocrx_word' id='word_1_251' title='bbox 312 2910 414 2980; x_wconf 84' lang='lat' dir='ltr'><strong>pondua</strong></span> <span class='ocrx_word' id='word_1_252' title='bbox 431 2915 458 2963; x_wconf 90' lang='lat' dir='ltr'><strong>et</strong></span> <span class='ocrx_word' id='word_1_253' title='bbox 473 2911 637 2963; x_wconf 71' lang='lat' dir='ltr'><strong>autoritatem</strong></span> <span class='ocrx_word' id='word_1_254' title='bbox 654 2909 801 2963; x_wconf 81' lang='lat' dir='ltr'><strong>adiecerint</strong></span> <span class='ocrx_word' id='word_1_255' title='bbox 834 2910 946 2963; x_wconf 81' lang='lat' dir='ltr'><strong>Interea</strong></span> <span class='ocrx_word' id='word_1_256' title='bbox 958 2927 1033 2980; x_wconf 90' lang='lat' dir='ltr'><strong>porro</strong></span> <span class='ocrx_word' id='word_1_257' title='bbox 1045 2927 1099 2962; x_wconf 89' lang='lat' dir='ltr'><strong>nnn</strong></span> <span class='ocrx_word' id='word_1_258' title='bbox 1110 2909 1247 2962; x_wconf 89' lang='lat' dir='ltr'><strong>minimum</strong></span> <span class='ocrx_word' id='word_1_259' title='bbox 1258 2907 1321 2961; x_wconf 88' lang='lat' dir='ltr'><strong>iliud</strong></span> <span class='ocrx_word' id='word_1_260' title='bbox 1332 2907 1389 2972; x_wconf 79' lang='lat' dir='ltr'><strong>fuit,</strong></span> 
     </span>
     <span class='ocr_line' id='line_1_27' title="bbox 244 2993 1389 3066; baseline -0.002 -20"><span class='ocrx_word' id='word_1_261' title='bbox 244 2995 302 3061; x_wconf 82' lang='lat' dir='ltr'><strong>quod</strong></span> <span class='ocrx_word' id='word_1_262' title='bbox 313 2996 436 3048; x_wconf 73' lang='lat' dir='ltr'><strong>nircum</strong></span> <span class='ocrx_word' id='word_1_263' title='bbox 446 2995 609 3065; x_wconf 68' lang='lat' dir='ltr'><strong>§caligarum</strong></span> <span class='ocrx_word' id='word_1_264' title='bbox 620 2995 780 3048; x_wconf 80' lang='lat' dir='ltr'><strong>validinaime</strong></span> <span class='ocrx_word' id='word_1_265' title='bbox 795 2996 976 3066; x_wconf 61' lang='lat' dir='ltr'><strong>promimur,</strong></span> <span class='ocrx_word' id='word_1_266' title='bbox 993 2995 1118 3064; x_wconf 77' lang='lat' dir='ltr'><strong>mysteria</strong></span> <span class='ocrx_word' id='word_1_267' title='bbox 1130 2994 1229 3048; x_wconf 79' lang='lat' dir='ltr'><strong>Cereris</strong></span> <span class='ocrx_word' id='word_1_268' title='bbox 1245 3011 1298 3046; x_wconf 91' lang='lat' dir='ltr'><strong>non</strong></span> <span class='ocrx_word' id='word_1_269' title='bbox 1316 2993 1389 3063; x_wconf 91' lang='lat' dir='ltr'><strong>quin·</strong></span> 
     </span>
     <span class='ocr_line' id='line_1_28' title="bbox 244 3079 1390 3150; baseline 0 -20"><span class='ocrx_word' id='word_1_270' title='bbox 244 3081 384 3146; x_wconf 81' lang='lat' dir='ltr'><strong>quennaiia,</strong></span> <span class='ocrx_word' id='word_1_271' title='bbox 399 3080 445 3133; x_wconf 83' lang='lat' dir='ltr'><strong>aed</strong></span> <span class='ocrx_word' id='word_1_272' title='bbox 457 3097 545 3133; x_wconf 84' lang='lat' dir='ltr'><strong>annua</strong></span> <span class='ocrx_word' id='word_1_273' title='bbox 555 3081 646 3134; x_wconf 82' lang='lat' dir='ltr'><strong>fuiaae.</strong></span> <span class='ocrx_word' id='word_1_274' title='bbox 669 3079 750 3134; x_wconf 86' lang='lat' dir='ltr'><strong>Guiua</strong></span> <span class='ocrx_word' id='word_1_275' title='bbox 761 3081 799 3132; x_wconf 93' lang='lat' dir='ltr'><strong>rei</strong></span> <span class='ocrx_word' id='word_1_276' title='bbox 809 3079 888 3134; x_wconf 85' lang='lat' dir='ltr'><strong>fidam</strong></span> <span class='ocrx_word' id='word_1_277' title='bbox 899 3096 917 3132; x_wconf 89' lang='lat' dir='ltr'><strong>a</strong></span> <span class='ocrx_word' id='word_1_278' title='bbox 927 3081 1033 3150; x_wconf 79' lang='lat' dir='ltr'><strong>nuperis</strong></span> <span class='ocrx_word' id='word_1_279' title='bbox 1044 3081 1094 3132; x_wconf 83' lang='lat' dir='ltr'><strong>illia</strong></span> <span class='ocrx_word' id='word_1_280' title='bbox 1106 3079 1274 3149; x_wconf 86' lang='lat' dir='ltr'><strong>acriptoribur</strong></span> <span class='ocrx_word' id='word_1_281' title='bbox 1285 3093 1390 3148; x_wconf 72' lang='lat' dir='ltr'><strong>expres·</strong></span> 
     </span>
     <span class='ocr_line' id='line_1_29' title="bbox 244 3163 1390 3234; baseline -0.003 -17"><span class='ocrx_word' id='word_1_282' title='bbox 244 3177 292 3216; x_wconf 79' lang='lat' dir='ltr'><strong>caru</strong></span> <span class='ocrx_word' id='word_1_283' title='bbox 301 3181 358 3218; x_wconf 84' lang='lat' dir='ltr'><strong>esee</strong></span> <span class='ocrx_word' id='word_1_284' title='bbox 369 3183 422 3218; x_wconf 91' lang='lat' dir='ltr'><strong>uon</strong></span> <span class='ocrx_word' id='word_1_285' title='bbox 432 3165 596 3219; x_wconf 78' lang='lat' dir='ltr'><strong>mediocriter</strong></span> <span class='ocrx_word' id='word_1_286' title='bbox 607 3165 760 3234; x_wconf 75' lang='lat' dir='ltr'><strong>gandemus.</strong></span> <span class='ocrx_word' id='word_1_287' title='bbox 788 3165 869 3217; x_wconf 86' lang='lat' dir='ltr'><strong>Paulo</strong></span> <span class='ocrx_word' id='word_1_288' title='bbox 879 3170 939 3218; x_wconf 80' lang='lat' dir='ltr'><strong>unte</strong></span> <span class='ocrx_word' id='word_1_289' title='bbox 951 3164 1012 3234; x_wconf 90' lang='lat' dir='ltr'><strong>qnid</strong></span> <span class='ocrx_word' id='word_1_290' title='bbox 1024 3165 1078 3216; x_wconf 87' lang='lat' dir='ltr'><strong>aiut</strong></span> <span class='ocrx_word' id='word_1_291' title='bbox 1088 3163 1269 3233; x_wconf 65' lang='grc' dir='ltr'><strong>Μεγαριῖαιααι</strong></span> <span class='ocrx_word' id='word_1_292' title='bbox 1280 3165 1390 3232; x_wconf 72' lang='grc' dir='ltr'><strong>γυναῖκες</strong></span> 
     </span>
     <span class='ocr_line' id='line_1_30' title="bbox 244 3247 1389 3320; baseline -0.001 -20"><span class='ocrx_word' id='word_1_293' title='bbox 244 3250 346 3319; x_wconf 82' lang='lat' dir='ltr'><strong>ruplinn</strong></span> <span class='ocrx_word' id='word_1_294' title='bbox 356 3250 540 3320; x_wconf 83' lang='lat' dir='ltr'><strong>quaerendum.</strong></span> <span class='ocrx_word' id='word_1_295' title='bbox 575 3250 678 3304; x_wconf 82' lang='lat' dir='ltr'><strong>anliua</strong></span> <span class='ocrx_word' id='word_1_296' title='bbox 689 3250 799 3320; x_wconf 79' lang='lat' dir='ltr'><strong>Rbodig.</strong></span> <span class='ocrx_word' id='word_1_297' title='bbox 810 3249 855 3302; x_wconf 87' lang='lat' dir='ltr'><strong>lib.</strong></span> <span class='ocrx_word' id='word_1_298' title='bbox 864 3267 908 3302; x_wconf 81' lang='lat' dir='ltr'><strong>xv.</strong></span> <span class='ocrx_word' id='word_1_299' title='bbox 919 3265 975 3319; x_wconf 83' lang='lat' dir='ltr'><strong>cap.</strong></span> <span class='ocrx_word' id='word_1_300' title='bbox 984 3267 1020 3302; x_wconf 82' lang='lat' dir='ltr'><strong>rx.</strong></span> <span class='ocrx_word' id='word_1_301' title='bbox 1033 3249 1179 3302; x_wconf 73' lang='lat' dir='ltr'><strong>nauminia</strong></span> <span class='ocrx_word' id='word_1_302' title='bbox 1190 3247 1323 3301; x_wconf 83' lang='lat' dir='ltr'><strong>cuinrdurn</strong></span> <span class='ocrx_word' id='word_1_303' title='bbox 1335 3247 1389 3300; x_wconf 81' lang='lat' dir='ltr'><strong>Me·</strong></span> 
     </span>
     <span class='ocr_line' id='line_1_31' title="bbox 245 3332 1389 3406; baseline -0.002 -20"><span class='ocrx_word' id='word_1_304' title='bbox 245 3337 350 3401; x_wconf 78' lang='lat' dir='ltr'><strong>guenaia</strong></span> <span class='ocrx_word' id='word_1_305' title='bbox 367 3336 498 3400; x_wconf 86' lang='lat' dir='ltr'><strong>meminit,</strong></span> <span class='ocrx_word' id='word_1_306' title='bbox 515 3335 562 3388; x_wconf 84' lang='lat' dir='ltr'><strong>aed</strong></span> <span class='ocrx_word' id='word_1_307' title='bbox 578 3337 646 3405; x_wconf 82' lang='lat' dir='ltr'><strong>qnod</strong></span> <span class='ocrx_word' id='word_1_308' title='bbox 661 3337 729 3389; x_wconf 87' lang='lat' dir='ltr'><strong>iuter</strong></span> <span class='ocrx_word' id='word_1_309' title='bbox 741 3351 848 3406; x_wconf 78' lang='lat' dir='ltr'><strong>pueros,</strong></span> <span class='ocrx_word' id='word_1_310' title='bbox 865 3351 918 3387; x_wconf 92' lang='lat' dir='ltr'><strong>non</strong></span> <span class='ocrx_word' id='word_1_311' title='bbox 935 3334 1068 3396; x_wconf 77' lang='lat' dir='ltr'><strong>mulieres,</strong></span> <span class='ocrx_word' id='word_1_312' title='bbox 1086 3333 1266 3404; x_wconf 82' lang='lat' dir='ltr'><strong>peragebatur,</strong></span> <span class='ocrx_word' id='word_1_313' title='bbox 1282 3332 1389 3402; x_wconf 86' lang='lat' dir='ltr'><strong>quinam</strong></span> 
     </span>
     <span class='ocr_line' id='line_1_32' title="bbox 245 3419 971 3490; baseline 0.003 -20"><span class='ocrx_word' id='word_1_314' title='bbox 245 3421 340 3473; x_wconf 80' lang='lat' dir='ltr'><strong>turrim</strong></span> <span class='ocrx_word' id='word_1_315' title='bbox 350 3428 481 3474; x_wconf 73' lang='lat' dir='ltr'><strong>amantem</strong></span> <span class='ocrx_word' id='word_1_316' title='bbox 492 3429 563 3474; x_wconf 83' lang='lat' dir='ltr'><strong>eaaet</strong></span> <span class='ocrx_word' id='word_1_317' title='bbox 573 3423 714 3475; x_wconf 78' lang='lat' dir='ltr'><strong>occulatur.</strong></span> <span class='ocrx_word' id='word_1_318' title='bbox 738 3421 860 3490; x_wconf 78' lang='lat' dir='ltr'><strong>cogitent</strong></span> <span class='ocrx_word' id='word_1_319' title='bbox 870 3419 971 3472; x_wconf 85' lang='lat' dir='ltr'><strong>eruditi.</strong></span> 
     </span>
    </p>

    <p class='ocr_par' dir='ltr' id='par_1_5' title="bbox 245 3502 1392 4002">
     <span class='ocr_line' id='line_1_33' title="bbox 301 3502 1390 3575; baseline -0.001 -18"><span class='ocrx_word' id='word_1_320' title='bbox 301 3502 368 3557; x_wconf 84' lang='grc' dir='ltr'><strong>Ὅσα</strong></span> <span class='ocrx_word' id='word_1_321' title='bbox 379 3522 405 3558; x_wconf 83' lang='grc' dir='ltr'><strong>τι</strong></span> <span class='ocrx_word' id='word_1_322' title='bbox 416 3502 483 3558; x_wconf 76' lang='grc' dir='ltr'>ἄλλα</span> <span class='ocrx_word' id='word_1_323' title='bbox 493 3503 518 3557; x_wconf 79' lang='lat' dir='ltr'><strong>ie</strong></span> <span class='ocrx_word' id='word_1_324' title='bbox 529 3505 628 3573; x_wconf 67' lang='grc' dir='ltr'><strong>Πυθοῖ]</strong></span> <span class='ocrx_word' id='word_1_325' title='bbox 652 3505 746 3575; x_wconf 79' lang='lat' dir='ltr'><strong>Pythia</strong></span> <span class='ocrx_word' id='word_1_326' title='bbox 755 3506 908 3568; x_wconf 85' lang='lat' dir='ltr'><strong>certamina,</strong></span> <span class='ocrx_word' id='word_1_327' title='bbox 923 3503 1141 3574; x_wconf 75' lang='lat' dir='ltr'><strong>quemadmodum</strong></span> <span class='ocrx_word' id='word_1_328' title='bbox 1154 3503 1300 3574; x_wconf 72' lang='lat' dir='ltr'><strong>Olympico,</strong></span> <span class='ocrx_word' id='word_1_329' title='bbox 1316 3503 1390 3574; x_wconf 91' lang='lat' dir='ltr'><strong>quin·</strong></span> 
     </span>
     <span class='ocr_line' id='line_1_34' title="bbox 245 3589 1390 3656; baseline 0 -14"><span class='ocrx_word' id='word_1_330' title='bbox 245 3590 373 3656; x_wconf 73' lang='lat' dir='ltr'><strong>quemme</strong></span> <span class='ocrx_word' id='word_1_331' title='bbox 382 3596 469 3655; x_wconf 86' lang='lat' dir='ltr'><strong>erant,</strong></span> <span class='ocrx_word' id='word_1_332' title='bbox 481 3597 511 3644; x_wconf 89' lang='lat' dir='ltr'><strong>ut</strong></span> <span class='ocrx_word' id='word_1_333' title='bbox 521 3591 627 3644; x_wconf 74' lang='lat' dir='ltr'><strong>Pindari</strong></span> <span class='ocrx_word' id='word_1_334' title='bbox 636 3591 789 3644; x_wconf 82' lang='lat' dir='ltr'><strong>ecboliaatea</strong></span> <span class='ocrx_word' id='word_1_335' title='bbox 797 3590 880 3644; x_wconf 85' lang='lat' dir='ltr'><strong>docet.</strong></span> <span class='ocrx_word' id='word_1_336' title='bbox 898 3589 1101 3642; x_wconf 80' lang='lat' dir='ltr'><strong>Celebrabantur</strong></span> <span class='ocrx_word' id='word_1_337' title='bbox 1111 3594 1198 3642; x_wconf 88' lang='lat' dir='ltr'><strong>autem</strong></span> <span class='ocrx_word' id='word_1_338' title='bbox 1209 3590 1314 3642; x_wconf 87' lang='lat' dir='ltr'><strong>ineunte</strong></span> <span class='ocrx_word' id='word_1_339' title='bbox 1322 3605 1390 3653; x_wconf 87' lang='lat' dir='ltr'><strong>rare,</strong></span> 
     </span>
     <span class='ocr_line' id='line_1_35' title="bbox 245 3673 1392 3746; baseline 0.003 -22"><span class='ocrx_word' id='word_1_340' title='bbox 245 3687 289 3726; x_wconf 90' lang='lat' dir='ltr'><strong>uon</strong></span> <span class='ocrx_word' id='word_1_341' title='bbox 301 3677 500 3746; x_wconf 84' lang='lat' dir='ltr'><strong>praecipitante,</strong></span> <span class='ocrx_word' id='word_1_342' title='bbox 516 3683 547 3729; x_wconf 91' lang='lat' dir='ltr'><strong>ut</strong></span> <span class='ocrx_word' id='word_1_343' title='bbox 561 3677 629 3730; x_wconf 81' lang='lat' dir='ltr'><strong>iutro</strong></span> <span class='ocrx_word' id='word_1_344' title='bbox 646 3675 765 3745; x_wconf 77' lang='lat' dir='ltr'><strong>Scaliger</strong></span> <span class='ocrx_word' id='word_1_345' title='bbox 775 3675 847 3728; x_wconf 82' lang='lat' dir='ltr'><strong>libr.</strong></span> <span class='ocrx_word' id='word_1_346' title='bbox 858 3675 891 3727; x_wconf 87' lang='lat' dir='ltr'><strong>de</strong></span> <span class='ocrx_word' id='word_1_347' title='bbox 907 3673 1015 3728; x_wconf 86' lang='lat' dir='ltr'><strong>Emend.</strong></span> <span class='ocrx_word' id='word_1_348' title='bbox 1026 3674 1116 3745; x_wconf 80' lang='lat' dir='ltr'><strong>&#39;l’eurp</strong></span> <span class='ocrx_word' id='word_1_349' title='bbox 1135 3675 1245 3744; x_wconf 84' lang='lat' dir='ltr'><strong>acripait</strong></span> <span class='ocrx_word' id='word_1_350' title='bbox 1278 3675 1334 3728; x_wconf 88' lang='lat' dir='ltr'><strong>Hoc</strong></span> <span class='ocrx_word' id='word_1_351' title='bbox 1351 3681 1392 3727; x_wconf 83' lang='lat' dir='ltr'><strong>eat</strong></span> 
     </span>
     <span class='ocr_line' id='line_1_36' title="bbox 245 3755 1391 3831; baseline 0.002 -21"><span class='ocrx_word' id='word_1_352' title='bbox 245 3755 433 3828; x_wconf 77' lang='lat' dir='ltr'><strong>Elaphebolione</strong></span> <span class='ocrx_word' id='word_1_353' title='bbox 443 3777 547 3826; x_wconf 88' lang='lat' dir='ltr'><strong>menae,</strong></span> <span class='ocrx_word' id='word_1_354' title='bbox 558 3763 604 3831; x_wconf 89' lang='lat' dir='ltr'><strong>qui</strong></span> <span class='ocrx_word' id='word_1_355' title='bbox 614 3761 710 3814; x_wconf 80' lang='lat' dir='ltr'><strong>Martio</strong></span> <span class='ocrx_word' id='word_1_356' title='bbox 720 3761 775 3814; x_wconf 84' lang='lat' dir='ltr'><strong>iere</strong></span> <span class='ocrx_word' id='word_1_357' title='bbox 785 3759 937 3829; x_wconf 84' lang='lat' dir='ltr'><strong>reapondet,</strong></span> <span class='ocrx_word' id='word_1_358' title='bbox 953 3777 1006 3814; x_wconf 90' lang='lat' dir='ltr'><strong>nnn</strong></span> <span class='ocrx_word' id='word_1_359' title='bbox 1018 3758 1203 3831; x_wconf 78' lang='lat' dir='ltr'><strong>Thargclinna,</strong></span> <span class='ocrx_word' id='word_1_360' title='bbox 1219 3760 1288 3829; x_wconf 84' lang='lat' dir='ltr'><strong>quud</strong></span> <span class='ocrx_word' id='word_1_361' title='bbox 1300 3761 1351 3813; x_wconf 84' lang='lat' dir='ltr'><strong>aliu</strong></span> <span class='ocrx_word' id='word_1_362' title='bbox 1362 3761 1391 3812; x_wconf 92' lang='lat' dir='ltr'><strong>iu</strong></span> 
     </span>
     <span class='ocr_line' id='line_1_37' title="bbox 246 3844 1391 3912; baseline 0.005 -20"><span class='ocrx_word' id='word_1_363' title='bbox 246 3857 312 3910; x_wconf 86' lang='lat' dir='ltr'><strong>opere</strong></span> <span class='ocrx_word' id='word_1_364' title='bbox 327 3847 535 3912; x_wconf 81' lang='lat' dir='ltr'><strong>confirmabitur;</strong></span> <span class='ocrx_word' id='word_1_365' title='bbox 551 3854 581 3900; x_wconf 91' lang='lat' dir='ltr'><strong>ut</strong></span> <span class='ocrx_word' id='word_1_366' title='bbox 598 3851 624 3898; x_wconf 86' lang='lat' dir='ltr'><strong>et</strong></span> <span class='ocrx_word' id='word_1_367' title='bbox 640 3846 717 3910; x_wconf 87' lang='lat' dir='ltr'><strong>iilud,</strong></span> <span class='ocrx_word' id='word_1_368' title='bbox 734 3845 888 3898; x_wconf 87' lang='lat' dir='ltr'><strong>commiaaoa</strong></span> <span class='ocrx_word' id='word_1_369' title='bbox 905 3845 1011 3898; x_wconf 85' lang='lat' dir='ltr'><strong>eoadem</strong></span> <span class='ocrx_word' id='word_1_370' title='bbox 1028 3862 1087 3900; x_wconf 82' lang='lat' dir='ltr'><strong>ease</strong></span> <span class='ocrx_word' id='word_1_371' title='bbox 1103 3846 1178 3899; x_wconf 79' lang='lat' dir='ltr'><strong>lucina</strong></span> <span class='ocrx_word' id='word_1_372' title='bbox 1193 3861 1261 3899; x_wconf 89' lang='lat' dir='ltr'><strong>anno</strong></span> <span class='ocrx_word' id='word_1_373' title='bbox 1277 3844 1391 3899; x_wconf 81' lang='lat' dir='ltr'><strong>racundo</strong></span> 
     </span>
     <span class='ocr_line' id='line_1_38' title="bbox 247 3930 1097 4002; baseline 0.007 -24"><span class='ocrx_word' id='word_1_374' title='bbox 247 3930 403 3984; x_wconf 72' lang='lat' dir='ltr'><strong>uuaeteridie</strong></span> <span class='ocrx_word' id='word_1_375' title='bbox 414 3933 578 4002; x_wconf 77' lang='lat' dir='ltr'><strong>Olympium,</strong></span> <span class='ocrx_word' id='word_1_376' title='bbox 589 3949 655 3996; x_wconf 88' lang='lat' dir='ltr'><strong>uon,</strong></span> <span class='ocrx_word' id='word_1_377' title='bbox 667 3937 697 3984; x_wconf 92' lang='lat' dir='ltr'><strong>ut</strong></span> <span class='ocrx_word' id='word_1_378' title='bbox 707 3931 824 4000; x_wconf 77' lang='lat' dir='ltr'><strong>Sculiger</strong></span> <span class='ocrx_word' id='word_1_379' title='bbox 835 3935 921 3999; x_wconf 88' lang='lat' dir='ltr'><strong>putut,</strong></span> <span class='ocrx_word' id='word_1_380' title='bbox 932 3946 1001 3983; x_wconf 90' lang='lat' dir='ltr'><strong>anno</strong></span> <span class='ocrx_word' id='word_1_381' title='bbox 1013 3933 1097 3984; x_wconf 88' lang='lat' dir='ltr'><strong>tertio.</strong></span> 
     </span>
    </p>

    <p class='ocr_par' dir='ltr' id='par_1_6' title="bbox 245 4001 1489 4935">
     <span class='ocr_line' id='line_1_39' title="bbox 302 4001 1489 4086; baseline 0.003 -22"><span class='ocrx_word' id='word_1_382' title='bbox 302 4014 347 4066; x_wconf 78' lang='lat' dir='ltr'><strong>ru</strong></span> <span class='ocrx_word' id='word_1_383' title='bbox 358 4013 412 4067; x_wconf 66' lang='lat' dir='ltr'><strong>can</strong></span> <span class='ocrx_word' id='word_1_384' title='bbox 422 4015 465 4067; x_wconf 65' lang='lat' dir='ltr'><strong>no</strong></span> <span class='ocrx_word' id='word_1_385' title='bbox 478 4015 574 4086; x_wconf 65' lang='lat' dir='ltr'><strong>patiar</strong></span> <span class='ocrx_word' id='word_1_386' title='bbox 585 4015 792 4086; x_wconf 45' lang='lat' dir='ltr'><strong>compuncti]</strong></span> <span class='ocrx_word' id='word_1_387' title='bbox 826 4014 901 4079; x_wconf 77' lang='lat' dir='ltr'><strong>Quor</strong></span> <span class='ocrx_word' id='word_1_388' title='bbox 917 4016 950 4068; x_wconf 70' lang='lat' dir='ltr'><strong>an</strong></span> <span class='ocrx_word' id='word_1_389' title='bbox 962 4001 1098 4085; x_wconf 72' lang='lat' dir='ltr'><strong>Aegyptiis</strong></span> <span class='ocrx_word' id='word_1_390' title='bbox 1115 4015 1230 4069; x_wconf 72' lang='lat' dir='ltr'><strong>uanam</strong></span> <span class='ocrx_word' id='word_1_391' title='bbox 1245 4015 1390 4068; x_wconf 70' lang='lat' dir='ltr'><strong>morbidis</strong></span> <span class='ocrx_word' id='word_1_392' title='bbox 1417 4027 1436 4066; x_wconf 75' lang='lat' dir='ltr'><strong>r·</strong></span> <span class='ocrx_word' id='word_1_393' title='bbox 1447 4014 1489 4056; x_wconf 67' lang='grc' dir='ltr'><strong>αι·</strong></span> 
     </span>
     <span class='ocr_line' id='line_1_40' title="bbox 247 4098 1389 4171; baseline 0.004 -22"><span class='ocrx_word' id='word_1_394' title='bbox 247 4099 324 4154; x_wconf 74' lang='lat' dir='ltr'><strong>ueris.</strong></span> <span class='ocrx_word' id='word_1_395' title='bbox 357 4101 486 4154; x_wconf 84' lang='lat' dir='ltr'><strong>Diodorna</strong></span> <span class='ocrx_word' id='word_1_396' title='bbox 503 4101 548 4156; x_wconf 86' lang='lat' dir='ltr'><strong>tib.</strong></span> <span class='ocrx_word' id='word_1_397' title='bbox 561 4118 578 4153; x_wconf 87' lang='grc' dir='ltr'><strong>ι.</strong></span> <span class='ocrx_word' id='word_1_398' title='bbox 612 4101 666 4154; x_wconf 84' lang='lat' dir='ltr'><strong>Sed</strong></span> <span class='ocrx_word' id='word_1_399' title='bbox 682 4117 729 4170; x_wconf 92' lang='lat' dir='ltr'><strong>pro</strong></span> <span class='ocrx_word' id='word_1_400' title='bbox 747 4099 926 4170; x_wconf 74' lang='grc' dir='ltr'>φαλαρῖζουσαι</span> <span class='ocrx_word' id='word_1_401' title='bbox 941 4099 1008 4152; x_wconf 85' lang='lat' dir='ltr'><strong>iorte</strong></span> <span class='ocrx_word' id='word_1_402' title='bbox 1026 4098 1187 4168; x_wconf 75' lang='grc' dir='ltr'><strong>φαλλιζαυσαι</strong></span> <span class='ocrx_word' id='word_1_403' title='bbox 1206 4101 1389 4171; x_wconf 79' lang='lat' dir='ltr'><strong>reponendum</strong></span> 
     </span>
     <span class='ocr_line' id='line_1_41' title="bbox 247 4179 1390 4256; baseline 0.005 -26"><span class='ocrx_word' id='word_1_404' title='bbox 247 4179 300 4234; x_wconf 76' lang='lat' dir='ltr'><strong>iiie</strong></span> <span class='ocrx_word' id='word_1_405' title='bbox 310 4185 345 4238; x_wconf 83' lang='lat' dir='ltr'><strong>sia</strong></span> <span class='ocrx_word' id='word_1_406' title='bbox 355 4185 450 4240; x_wconf 76' lang='lat' dir='ltr'><strong>Eueeb.</strong></span> <span class='ocrx_word' id='word_1_407' title='bbox 461 4187 546 4240; x_wconf 85' lang='lat' dir='ltr'><strong>libn.</strong></span> <span class='ocrx_word' id='word_1_408' title='bbox 559 4185 591 4238; x_wconf 84' lang='lat' dir='ltr'><strong>de</strong></span> <span class='ocrx_word' id='word_1_409' title='bbox 602 4186 731 4256; x_wconf 79' lang='lat' dir='ltr'><strong>Praepar,</strong></span> <span class='ocrx_word' id='word_1_410' title='bbox 750 4186 794 4255; x_wconf 90' lang='lat' dir='ltr'><strong>qui</strong></span> <span class='ocrx_word' id='word_1_411' title='bbox 811 4201 872 4238; x_wconf 90' lang='lat' dir='ltr'><strong>cnm</strong></span> <span class='ocrx_word' id='word_1_412' title='bbox 888 4185 920 4237; x_wconf 83' lang='lat' dir='ltr'><strong>de</strong></span> <span class='ocrx_word' id='word_1_413' title='bbox 936 4184 1079 4254; x_wconf 85' lang='lat' dir='ltr'><strong>plerisque,</strong></span> <span class='ocrx_word' id='word_1_414' title='bbox 1097 4200 1164 4254; x_wconf 85' lang='lat' dir='ltr'><strong>quue</strong></span> <span class='ocrx_word' id='word_1_415' title='bbox 1180 4183 1230 4238; x_wconf 90' lang='lat' dir='ltr'><strong>boc</strong></span> <span class='ocrx_word' id='word_1_416' title='bbox 1248 4186 1304 4238; x_wconf 85' lang='lat' dir='ltr'><strong>luco</strong></span> <span class='ocrx_word' id='word_1_417' title='bbox 1321 4199 1390 4236; x_wconf 89' lang='lat' dir='ltr'><strong>conr·</strong></span> 
     </span>
     <span class='ocr_line' id='line_1_42' title="bbox 245 4269 1391 4342; baseline 0.003 -26"><span class='ocrx_word' id='word_1_418' title='bbox 245 4277 418 4335; x_wconf 79' lang='lat' dir='ltr'><strong>memorentur,</strong></span> <span class='ocrx_word' id='word_1_419' title='bbox 439 4271 626 4340; x_wconf 85' lang='lat' dir='ltr'><strong>auperrtitioaia</strong></span> <span class='ocrx_word' id='word_1_420' title='bbox 642 4277 759 4342; x_wconf 84' lang='lat' dir='ltr'><strong>reterpm</strong></span> <span class='ocrx_word' id='word_1_421' title='bbox 774 4271 869 4324; x_wconf 84' lang='lat' dir='ltr'><strong>ritibua</strong></span> <span class='ocrx_word' id='word_1_422' title='bbox 885 4271 942 4339; x_wconf 76' lang='lat' dir='ltr'><strong>agit</strong></span> <span class='ocrx_word' id='word_1_423' title='bbox 958 4270 1099 4334; x_wconf 88' lang='lat' dir='ltr'><strong>uberrime,</strong></span> <span class='ocrx_word' id='word_1_424' title='bbox 1120 4276 1177 4322; x_wconf 89' lang='lat' dir='ltr'><strong>tum</strong></span> <span class='ocrx_word' id='word_1_425' title='bbox 1194 4286 1259 4340; x_wconf 78' lang='lat' dir='ltr'><strong>qum</strong></span> <span class='ocrx_word' id='word_1_426' title='bbox 1275 4269 1391 4339; x_wconf 87' lang='lat' dir='ltr'><strong>plerique</strong></span> 
     </span>
     <span class='ocr_line' id='line_1_43' title="bbox 247 4348 1390 4424; baseline 0 -19"><span class='ocrx_word' id='word_1_427' title='bbox 247 4348 315 4405; x_wconf 74' lang='lat' dir='ltr'><strong>latere</strong></span> <span class='ocrx_word' id='word_1_428' title='bbox 324 4357 373 4408; x_wconf 88' lang='lat' dir='ltr'><strong>anb</strong></span> <span class='ocrx_word' id='word_1_429' title='bbox 384 4356 436 4408; x_wconf 76' lang='lat' dir='ltr'><strong>iilic</strong></span> <span class='ocrx_word' id='word_1_430' title='bbox 447 4355 586 4424; x_wconf 73' lang='lat' dir='ltr'><strong>allegorica</strong></span> <span class='ocrx_word' id='word_1_431' title='bbox 597 4355 789 4419; x_wconf 72' lang='lat' dir='ltr'><strong>asseverabant,</strong></span> <span class='ocrx_word' id='word_1_432' title='bbox 800 4355 901 4408; x_wconf 85' lang='lat' dir='ltr'><strong>erudite</strong></span> <span class='ocrx_word' id='word_1_433' title='bbox 909 4354 1011 4407; x_wconf 82' lang='lat' dir='ltr'><strong>raialiit.</strong></span> <span class='ocrx_word' id='word_1_434' title='bbox 1029 4353 1100 4418; x_wconf 84' lang='lat' dir='ltr'><strong>Quae</strong></span> <span class='ocrx_word' id='word_1_435' title='bbox 1112 4353 1173 4408; x_wconf 88' lang='lat' dir='ltr'><strong>dum</strong></span> <span class='ocrx_word' id='word_1_436' title='bbox 1185 4355 1251 4408; x_wconf 84' lang='lat' dir='ltr'><strong>forte</strong></span> <span class='ocrx_word' id='word_1_437' title='bbox 1262 4367 1390 4424; x_wconf 84' lang='lat' dir='ltr'><strong>percurro,</strong></span> 
     </span>
     <span class='ocr_line' id='line_1_44' title="bbox 247 4433 1390 4510; baseline 0.003 -23"><span class='ocrx_word' id='word_1_438' title='bbox 247 4433 309 4490; x_wconf 81' lang='lat' dir='ltr'><strong>locor</strong></span> <span class='ocrx_word' id='word_1_439' title='bbox 319 4440 423 4509; x_wconf 84' lang='lat' dir='ltr'><strong>quidum</strong></span> <span class='ocrx_word' id='word_1_440' title='bbox 434 4440 523 4494; x_wconf 76' lang='lat' dir='ltr'><strong>incidit</strong></span> <span class='ocrx_word' id='word_1_441' title='bbox 533 4442 695 4504; x_wconf 85' lang='lat' dir='ltr'><strong>coniectura,</strong></span> <span class='ocrx_word' id='word_1_442' title='bbox 705 4447 735 4492; x_wconf 94' lang='lat' dir='ltr'><strong>ut</strong></span> <span class='ocrx_word' id='word_1_443' title='bbox 746 4441 846 4510; x_wconf 90' lang='lat' dir='ltr'><strong>opinor,</strong></span> <span class='ocrx_word' id='word_1_444' title='bbox 862 4445 965 4504; x_wconf 76' lang='lat' dir='ltr'><strong>nostra,</strong></span> <span class='ocrx_word' id='word_1_445' title='bbox 982 4440 1034 4492; x_wconf 87' lang='lat' dir='ltr'><strong>luci</strong></span> <span class='ocrx_word' id='word_1_446' title='bbox 1051 4455 1082 4492; x_wconf 88' lang='lat' dir='ltr'><strong>ao</strong></span> <span class='ocrx_word' id='word_1_447' title='bbox 1098 4455 1175 4493; x_wconf 86' lang='lat' dir='ltr'><strong>rarae</strong></span> <span class='ocrx_word' id='word_1_448' title='bbox 1191 4438 1335 4492; x_wconf 84' lang='lat' dir='ltr'><strong>cententiaa</strong></span> <span class='ocrx_word' id='word_1_449' title='bbox 1351 4451 1390 4490; x_wconf 87' lang='lat' dir='ltr'><strong>re·</strong></span> 
     </span>
     <span class='ocr_line' id='line_1_45' title="bbox 249 4521 1391 4595; baseline 0.001 -21"><span class='ocrx_word' id='word_1_450' title='bbox 249 4521 348 4576; x_wconf 83' lang='lat' dir='ltr'><strong>rtitutna.</strong></span> <span class='ocrx_word' id='word_1_451' title='bbox 369 4526 395 4578; x_wconf 83' lang='lat' dir='ltr'><strong>ln</strong></span> <span class='ocrx_word' id='word_1_452' title='bbox 410 4531 452 4578; x_wconf 83' lang='lat' dir='ltr'><strong>eat</strong></span> <span class='ocrx_word' id='word_1_453' title='bbox 465 4541 526 4595; x_wconf 78' lang='lat' dir='ltr'><strong>pag.</strong></span> <span class='ocrx_word' id='word_1_454' title='bbox 538 4525 579 4580; x_wconf 78' lang='lat'><strong>53.</strong></span> <span class='ocrx_word' id='word_1_455' title='bbox 590 4541 658 4579; x_wconf 77' lang='lat' dir='ltr'><strong>vers.</strong></span> <span class='ocrx_word' id='word_1_456' title='bbox 670 4523 742 4593; x_wconf 70' lang='lat' dir='ltr'><strong>brier,</strong></span> <span class='ocrx_word' id='word_1_457' title='bbox 759 4525 805 4578; x_wconf 86' lang='lat' dir='ltr'><strong>nbi</strong></span> <span class='ocrx_word' id='word_1_458' title='bbox 818 4527 857 4578; x_wconf 79' lang='lat' dir='ltr'><strong>ita</strong></span> <span class='ocrx_word' id='word_1_459' title='bbox 872 4524 994 4593; x_wconf 86' lang='lat' dir='ltr'><strong>loquitur.</strong></span> <span class='ocrx_word' id='word_1_460' title='bbox 1018 4521 1061 4585; x_wconf 78' lang='grc' dir='ltr'><strong>Ὧς</strong></span> <span class='ocrx_word' id='word_1_461' title='bbox 1074 4521 1121 4594; x_wconf 76' lang='grc' dir='ltr'><strong>ἄρα</strong></span> <span class='ocrx_word' id='word_1_462' title='bbox 1133 4523 1199 4590; x_wconf 66' lang='lat' dir='ltr'><strong>xcii]</strong></span> <span class='ocrx_word' id='word_1_463' title='bbox 1212 4521 1338 4593; x_wconf 74' lang='grc' dir='ltr'>θαυμαστὴ</span> <span class='ocrx_word' id='word_1_464' title='bbox 1351 4523 1391 4576; x_wconf 76' lang='grc' dir='ltr'><strong>καὶ</strong></span> 
     </span>
     <span class='ocr_line' id='line_1_46' title="bbox 249 4599 1391 4680; baseline -0.001 -19"><span class='ocrx_word' id='word_1_465' title='bbox 249 4599 372 4676; x_wconf 53' lang='lat' dir='ltr'><strong>&amp;ippum</strong></span> <span class='ocrx_word' id='word_1_466' title='bbox 383 4609 529 4680; x_wconf 69' lang='grc' dir='ltr'>φασιαλαγία</span> <span class='ocrx_word' id='word_1_467' title='bbox 540 4612 583 4676; x_wconf 76' lang='grc' dir='ltr'><strong>τῆς</strong></span> <span class='ocrx_word' id='word_1_468' title='bbox 592 4608 736 4675; x_wconf 73' lang='grc' dir='ltr'><strong>’Ἑλληνικῆς</strong></span> <span class='ocrx_word' id='word_1_469' title='bbox 747 4607 874 4679; x_wconf 73' lang='grc' dir='ltr'>θεολογίας</span> <span class='ocrx_word' id='word_1_470' title='bbox 886 4609 950 4660; x_wconf 82' lang='grc' dir='ltr'>θεῖον</span> <span class='ocrx_word' id='word_1_471' title='bbox 962 4607 1005 4678; x_wconf 78' lang='grc' dir='ltr'><strong>μὶν</strong></span> <span class='ocrx_word' id='word_1_472' title='bbox 1017 4607 1096 4676; x_wconf 73' lang='lat' dir='ltr'><strong>niblo,</strong></span> <span class='ocrx_word' id='word_1_473' title='bbox 1109 4608 1168 4660; x_wconf 74' lang='lat' dir='ltr'><strong>uitii</strong></span> <span class='ocrx_word' id='word_1_474' title='bbox 1176 4627 1200 4660; x_wconf 81' lang='grc' dir='ltr'><strong>τι</strong></span> <span class='ocrx_word' id='word_1_475' title='bbox 1212 4607 1275 4678; x_wconf 73' lang='grc' dir='ltr'><strong>μέγα</strong></span> <span class='ocrx_word' id='word_1_476' title='bbox 1287 4608 1327 4660; x_wconf 71' lang='grc' dir='ltr'><strong>καὶ</strong></span> <span class='ocrx_word' id='word_1_477' title='bbox 1339 4608 1391 4660; x_wconf 75' lang='lat' dir='ltr'><strong>bro·</strong></span> 
     </span>
     <span class='ocr_line' id='line_1_47' title="bbox 251 4691 1392 4764; baseline 0.004 -20"><span class='ocrx_word' id='word_1_478' title='bbox 251 4691 324 4756; x_wconf 65' lang='lat' dir='ltr'><strong>apert&lt;</strong></span> <span class='ocrx_word' id='word_1_479' title='bbox 334 4694 373 4745; x_wconf 74' lang='lat' dir='ltr'><strong>aut</strong></span> <span class='ocrx_word' id='word_1_480' title='bbox 384 4698 426 4759; x_wconf 78' lang='grc' dir='ltr'><strong>τῆς</strong></span> <span class='ocrx_word' id='word_1_481' title='bbox 438 4691 592 4755; x_wconf 66' lang='grc' dir='ltr'>ἀναστάσεως</span> <span class='ocrx_word' id='word_1_482' title='bbox 604 4691 669 4755; x_wconf 77' lang='grc' dir='ltr'><strong>ἄξιον</strong></span> <span class='ocrx_word' id='word_1_483' title='bbox 680 4692 793 4764; x_wconf 62' lang='grc' dir='ltr'><strong>ἐπήγετο.</strong></span> <span class='ocrx_word' id='word_1_484' title='bbox 828 4694 919 4747; x_wconf 84' lang='lat' dir='ltr'><strong>Scribo</strong></span> <span class='ocrx_word' id='word_1_485' title='bbox 931 4693 971 4744; x_wconf 76' lang='lat' dir='ltr'><strong>aui</strong></span> <span class='ocrx_word' id='word_1_486' title='bbox 982 4697 1024 4758; x_wconf 66' lang='grc' dir='ltr'><strong>τῆς</strong></span> <span class='ocrx_word' id='word_1_487' title='bbox 1035 4691 1188 4754; x_wconf 70' lang='grc' dir='ltr'><strong>ἀναστάσεως</strong></span> <span class='ocrx_word' id='word_1_488' title='bbox 1201 4691 1274 4762; x_wconf 78' lang='grc' dir='ltr'><strong>ἄξιον,</strong></span> <span class='ocrx_word' id='word_1_489' title='bbox 1290 4691 1339 4748; x_wconf 88' lang='lat' dir='ltr'><strong>hoo</strong></span> <span class='ocrx_word' id='word_1_490' title='bbox 1351 4703 1392 4748; x_wconf 81' lang='lat' dir='ltr'><strong>cat</strong></span> 
     </span>
     <span class='ocr_line' id='line_1_48' title="bbox 251 4777 1391 4848; baseline 0.004 -21"><span class='ocrx_word' id='word_1_491' title='bbox 251 4777 404 4840; x_wconf 78' lang='lat' dir='ltr'><strong>preuieeione</strong></span> <span class='ocrx_word' id='word_1_492' title='bbox 411 4779 533 4848; x_wconf 78' lang='lat' dir='ltr'><strong>dignum,</strong></span> <span class='ocrx_word' id='word_1_493' title='bbox 544 4780 713 4832; x_wconf 85' lang='lat' dir='ltr'><strong>tranelatione</strong></span> <span class='ocrx_word' id='word_1_494' title='bbox 722 4779 918 4848; x_wconf 80' lang='lat' dir='ltr'><strong>apraacouibuo</strong></span> <span class='ocrx_word' id='word_1_495' title='bbox 926 4777 1015 4844; x_wconf 85' lang='lat' dir='ltr'><strong>ducta,</strong></span> <span class='ocrx_word' id='word_1_496' title='bbox 1027 4785 1072 4832; x_wconf 88' lang='lat' dir='ltr'><strong>aut</strong></span> <span class='ocrx_word' id='word_1_497' title='bbox 1083 4779 1115 4832; x_wconf 79' lang='lat' dir='ltr'><strong>iie</strong></span> <span class='ocrx_word' id='word_1_498' title='bbox 1127 4779 1247 4832; x_wconf 78' lang='lat' dir='ltr'><strong>omnibus</strong></span> <span class='ocrx_word' id='word_1_499' title='bbox 1258 4779 1304 4848; x_wconf 90' lang='lat' dir='ltr'><strong>qui</strong></span> <span class='ocrx_word' id='word_1_500' title='bbox 1312 4779 1391 4834; x_wconf 83' lang='lat' dir='ltr'><strong>rerba</strong></span> 
     </span>
     <span class='ocr_line' id='line_1_49' title="bbox 252 4854 1390 4935; baseline 0.004 -20"><span class='ocrx_word' id='word_1_501' title='bbox 252 4854 331 4915; x_wconf 72' lang='lat' dir='ltr'><strong>(arturi</strong></span> <span class='ocrx_word' id='word_1_502' title='bbox 340 4865 407 4917; x_wconf 82' lang='lat' dir='ltr'><strong>etate</strong></span> <span class='ocrx_word' id='word_1_503' title='bbox 416 4879 499 4918; x_wconf 78' lang='lat' dir='ltr'><strong>runnu</strong></span> <span class='ocrx_word' id='word_1_504' title='bbox 513 4865 647 4919; x_wconf 78' lang='lat' dir='ltr'><strong>nitentium</strong></span> <span class='ocrx_word' id='word_1_505' title='bbox 661 4863 788 4918; x_wconf 72' lang='lat' dir='ltr'><strong>indicunt.</strong></span> <span class='ocrx_word' id='word_1_506' title='bbox 821 4863 866 4918; x_wconf 80' lang='lat' dir='ltr'><strong>Sic</strong></span> <span class='ocrx_word' id='word_1_507' title='bbox 881 4861 1029 4935; x_wconf 66' lang='lat' dir='ltr'><strong>mythologi</strong></span> <span class='ocrx_word' id='word_1_508' title='bbox 1044 4865 1089 4918; x_wconf 80' lang='lat' dir='ltr'><strong>inti</strong></span> <span class='ocrx_word' id='word_1_509' title='bbox 1109 4863 1194 4918; x_wconf 83' lang='lat' dir='ltr'><strong>multa</strong></span> <span class='ocrx_word' id='word_1_510' title='bbox 1212 4869 1240 4918; x_wconf 88' lang='lat' dir='ltr'><strong>et</strong></span> <span class='ocrx_word' id='word_1_511' title='bbox 1258 4865 1390 4935; x_wconf 82' lang='lat' dir='ltr'><strong>praeclara</strong></span> 
     </span>
    </p>
   </div>
   <div class='ocr_carea' id='block_1_2' title="bbox 0 0 1844 5642">
    <p class='ocr_par' dir='ltr' id='par_1_7' title="bbox 0 0 1844 5642">
     <span class='ocr_line' id='line_1_50' title="bbox 0 0 1844 5642; baseline 0 0"><span class='ocrx_word' id='word_1_512' title='bbox 0 0 1844 5642; x_wconf 95' lang='lat' dir='ltr'><strong> </strong></span> 
     </span>
    </p>
   </div>
  </div>
 </body>
</html>
