3650 5642
1343 626 1386 683 GV

241 778 289 835 iat
300 778 373 851 ips,
383 780 448 833 lunc
458 798 522 836 ms.
534 781 590 851 (sed
601 798 648 853 pru
659 798 716 837 vnn.
728 780 791 835 nst.
803 780 993 836 emeudsuduun
1001 786 1043 835 est
1053 800 1089 836 vu.
1101 781 1180 845 lot,
1190 780 1288 852 ulloqui
1297 782 1386 851 cyclus

241 870 300 918 aest
307 866 384 919 lunss
397 884 435 931 v.,
446 882 499 921 uon
512 870 582 937 nun.)
593 866 643 921 boc
655 872 694 919 set
705 882 775 920 suno
786 884 833 921 nu.
844 867 1044 931 incurustisnis,
1053 867 1130 919 iuris
1140 866 1302 936 Dionysium.
1319 866 1387 920 (ium

240 957 316 1004 eutem
323 950 355 1005 ed
364 966 466 1005 unum
475 969 583 1007 orum.
593 951 678 1007 liedse
687 952 773 1006 locum
782 952 858 1017 citet,
870 952 945 1022 qussi
952 952 1079 1006 sitsnnus
1087 952 1243 1005 Diocletiani
1251 966 1387 1017 connsm,

241 1036 470 1091 su'tolibrsrioruru
481 1052 565 1092 errore
576 1037 688 1102 iscium,
704 1044 735 1091 ut
747 1036 811 1091 boec
828 1043 903 1103 nots,
920 1054 988 1108 quse
1003 1037 1037 1090 ud
1052 1052 1152 1091 cunum
1162 1054 1265 1106 pum.
1276 1038 1388 1091 cdscrtbi

241 1122 327 1186 debuit,
341 1124 370 1177 iu
381 1140 493 1177 nmis.
507 1123 688 1187 conficeretur3
705 1138 739 1177 ne
753 1124 811 1193 quis
821 1123 888 1177 iorte
899 1124 1045 1177 usuum
1056 1122 1195 1177 discrimn
1205 1123 1270 1177 illud
1280 1124 1387 1188 biennii,

241 1208 297 1275 qnod
311 1213 371 1262 ante
387 1224 473 1263 mnus
489 1208 589 1279 sliquot
603 1209 692 1279 urgeri
707 1208 803 1279 coepit,
818 1208 958 1279 agnovisse
974 1224 1035 1262 cum
1050 1208 1183 1278 berngero
1199 1214 1312 1263 ccusest.
1339 1210 1387 1263 liic

240 1293 298 1344 cuins
311 1293 354 1347 lib.
366 1310 404 1349 ιι.
422 1310 449 1365 p.
460 1293 519 1349 513.
534 1294 575 1349 ed.
587 1293 611 1347 i.
627 1294 659 1347 de
670 1293 778 1349 limend.
791 1294 881 1364 Temp.
893 1294 1081 1363 Dionysicnsnu
1091 1309 1180 1347 serum
1189 1294 1296 1348 biennio
1307 1309 1387 1365 quens

240 1394 277 1445 per
290 1378 323 1431 eit
338 1379 486 1433 meriorem
502 1380 647 1433 sbisrisno
663 1379 714 1433 dici
729 1378 877 1445 confirmet,
893 1385 921 1433 et
930 1378 995 1433 boec
1004 1379 1088 1449 ipsius
1098 1380 1179 1433 verbs
1188 1386 1386 1434 commemoret:

240 1464 301 1515 Auso
316 1466 352 1517 ud
367 1469 503 1517 semidiem
520 1464 659 1534 Ecoupclii
669 1480 792 1529 muru,
808 1467 945 1519 comiodum
959 1482 1019 1517 cero
1030 1464 1151 1533 Dicam
1161 1467 1257 1533 medem
1268 1482 1387 1531 nutu,

240 1546 421 1614 illdibrandus,
436 1553 481 1619 qui
496 1561 520 1603 et
538 1552 676 1619 Greyon'oc
687 1556 736 1605 etc.
759 1549 832 1613 Quos
847 1550 953 1620 quidem
964 1549 1044 1603 verbs
1058 1549 1087 1603 in
1097 1548 1211 1603 editione
1220 1549 1387 1607 Freneoiord.

238 1632 382 1699 lucrium,
396 1650 466 1705 quse
477 1634 542 1689 nubi
549 1650 609 1689 curn
618 1634 683 1689 boec
693 1635 833 1689 scriberem
844 1634 877 1689 sd
887 1650 996 1689 monum
1007 1640 1075 1700 eret,
1085 1650 1217 1705 uusquum
1224 1638 1317 1707 reperi.
1334 1637 1387 1691 Sed

239 1728 261 1769 ut
271 1718 361 1773 ebculd
371 1720 504 1789 legentur,
517 1720 574 1790 quis
586 1738 639 1775 nou
651 1720 825 1775 enneudnndsn
836 1736 895 1773 esse
905 1720 1053 1774 numerulos
1062 1725 1141 1773 notu
1151 1719 1255 1773 ridenti
1283 1722 1387 1776 Etenim

239 1804 342 1873 Dionysii
350 1804 444 1874 cyclus
454 1806 588 1875 rulgerem
599 1822 688 1860 serem
699 1806 895 1877 unoprueocdit
904 1822 987 1871 suno,
998 1811 1090 1875 estque
1098 1805 1302 1875 cyclisecundus
1310 1822 1387 1861 serse

239 1890 330 1957 pinus.
347 1888 425 1943 Unde
437 1890 461 1944 si
472 1891 530 1961 quis
541 1906 628 1945 serem
640 1892 745 1945 biennio
756 1896 916 1963 promoveat,
927 1891 1024 1945 incidet
1033 1891 1062 1943 in
1070 1891 1312 1945 decemnovennalis
1321 1894 1388 1962 cycli

239 1990 320 2028 annum
331 1992 401 2041 rm,
413 1976 507 2045 magni
517 1977 583 2045 cycli
594 1976 749 2047 Dionysiuni
760 1992 875 2041 orsum,
887 1975 936 2030 boc
947 1983 989 2029 est
998 1976 1105 2029 citerius
1115 1977 1182 2045 cycli
1191 1978 1346 2047 postuletitii
1355 1994 1387 2031 sc

239 2060 360 2130 prolsptici
376 2060 509 2115 ultimum.
532 2061 644 2133 ideoque
661 2078 746 2116 sunus
758 2062 864 2117 verioris
881 2076 957 2115 sene
968 2078 1077 2115 nunnus.
1090 2062 1140 2114 erit
1150 2061 1305 2131 Dionyeieni
1320 2064 1388 2133 cycli

240 2162 333 2209 nunu,
350 2163 407 2199 non
419 2164 529 2200 nunus.
552 2148 692 2201 Debuisset
702 2148 836 2203 lierisnus
853 2164 906 2201 non
922 2147 1026 2217 cyclum
1037 2146 1167 2217 Dionysii,
1183 2148 1231 2201 sed
1245 2164 1332 2201 serum
1348 2148 1386 2201 di·

239 2244 291 2281 cere.
311 2230 421 2302 Oretum
440 2233 509 2287 euim
520 2232 710 2304 Dionysiunum
726 2250 811 2305 neque
821 2234 955 2289 Marianus
967 2249 1052 2303 neque
1064 2232 1216 2303 Sigebertus
1226 2233 1386 2303 improbent:

240 2314 274 2367 ssd
285 2316 471 2372 incnrnstiouis
483 2320 559 2373 cunis
573 2336 692 2390 perverse
703 2321 832 2373 duntsxst
841 2320 972 2391 illigetunn
987 2318 1152 2383 existiment3
1168 2319 1197 2371 in
1212 2334 1265 2389 qno
1279 2336 1333 2373 non
1349 2320 1387 2373 bi·

240 2404 314 2467 ennio,
331 2404 378 2457 ssd
395 2404 474 2457 anuis
490 2405 580 2459 solidis
596 2406 698 2459 dnobus
712 2412 740 2460 et
749 2407 844 2477 viginti
855 2407 1002 2460 cosmum
1012 2420 1071 2459 esse
1082 2408 1209 2459 etstuunt
1232 2404 1336 2459 lituum
1348 2422 1386 2459 er·

239 2490 401 2545 commistum
412 2491 515 2560 rotgeri
525 2508 653 2547 susorum
664 2493 758 2547 rctioni
770 2498 823 2547 nnn
835 2497 985 2547 concinnior
995 2490 1156 2555 sdsembunt,
1167 2491 1263 2543 mirum
1274 2496 1315 2544 est
1326 2492 1386 2545 illos

239 2573 448 2646 inibronologiis
463 2578 518 2631 suis
536 2578 569 2631 sd
580 2578 734 2648 semipsum
745 2578 894 2632 sdbemlsse
906 2592 985 2647 quem
996 2576 1196 2642 amoenorum,
1211 2592 1298 2646 neque
1312 2578 1387 2631 cliter

241 2674 352 2726 quomens
368 2662 534 2731 Dionysisno
550 2664 709 2734 praescripto
725 2670 844 2735 temporo
859 2662 1008 2735 digessisse.
1041 2662 1177 2715 lisriems
1191 2662 1263 2716 enim
1278 2663 1312 2715 s'd
1326 2678 1388 2717 eum

240 2758 321 2799 unum
337 2748 385 2817 qni
402 2748 608 2803 incarnationem
625 2752 652 2803 et
667 2750 781 2803 nstsiem
798 2748 897 2803 domini
912 2746 1010 2817 ὀμίσως
1021 2746 1162 2812 antecedit,
1178 2747 1244 2802 bsec
1254 2749 1386 2803 observet:

241 2828 315 2893 (botes
325 2848 435 2901 noym
443 2833 581 2903 parobolis
591 2838 684 2905 incepit
694 2835 768 2887 binc.-
781 2839 810 2887 io
822 2838 893 2887 cuius
905 2852 972 2887 oeno
982 2836 1092 2886 emendo
1102 2838 1176 2886 iustu
1187 2834 1338 2903 Dionysium
1348 2839 1387 2886 io-

240 2914 332 2969 dicc'ose
340 2921 422 2970 mdo
432 2926 507 2970 some
515 2911 691 2977 estDcooioos.
709 2921 781 2975 ldetu
792 2921 872 2976 etism
883 2936 953 2974 euno
965 2920 1096 2990 sequenti,
1108 2919 1185 2973 Urbis
1193 2934 1310 2985 nouum,
1320 2920 1387 2975 Len·

241 2998 282 3051 tolo
292 3002 472 3057 ellicuslino
483 3018 549 3059 coss.
562 3004 665 3075 Olymp.
678 3020 781 3071 excru,
798 3022 867 3061 suno
883 3022 923 3061 ru.
940 3005 1028 3059 indict
1040 3024 1075 3060 ιν.
1091 3006 1133 3059 die
1149 3005 1280 3060 dominico
1295 3011 1387 3060 ustum

239 3098 284 3139 csse
293 3085 427 3141 Obrutam
438 3094 578 3145 materni.
601 3088 693 3161 Itaque
706 3090 879 3145 Christianum
894 3106 984 3144 serum
999 3107 1016 3143 u
1032 3092 1105 3160 cyclo
1120 3091 1282 3160 Dionysisuo
1296 3110 1326 3147 ιι.
1342 3108 1387 3145 ex·

240 3186 300 3224 orsus
311 3178 363 3238 est,
381 3174 458 3243 cyclo
469 3174 533 3228 solis
545 3192 582 3239 x.,
598 3176 673 3229 litere
685 3177 753 3230 dom.
765 3177 808 3242 tt,
824 3183 879 3230 tem
896 3178 925 3229 iu
940 3176 1078 3229 emeudsts
1087 3176 1185 3229 bisexti
1194 3177 1296 3231 udone
1306 3194 1387 3247 quum

240 3254 354 3313 insition
369 3258 431 3323 ilis,
448 3258 551 3329 quulem
567 3277 601 3314 ex
617 3260 697 3315 Poulo
712 3256 935 3331 bilddelburgensi
949 3276 1029 3331 supro
1041 3262 1234 3331 proposuimus.
1258 3261 1311 3315 Sed
1326 3278 1387 3316 cmu

239 3340 294 3395 iicn
307 3344 444 3399 iluimus
460 3344 592 3399 Gbristum
608 3347 646 3400 sit
662 3348 804 3401 secundum
821 3346 977 3416 Dionysium
993 3352 1086 3399 uotum
1108 3346 1198 3401 indict.
1215 3364 1268 3411 ιιι,
1288 3348 1387 3401 librarii

240 3428 300 3497 culpe
309 3447 348 3485 ru.
360 3446 411 3501 pro
424 3446 459 3483 tv.
471 3430 583 3500 irrepsit.
605 3430 673 3485 Nom
684 3433 793 3487 subinde
805 3432 893 3485 indict.
904 3450 941 3487 rr.
953 3431 1032 3485 natm
1043 3431 1143 3484 dicitnr.
1165 3431 1281 3484 Tsunetsi
1292 3448 1325 3485 ue
1336 3432 1386 3485 boc

240 3514 325 3581 quien
335 3530 430 3569 rerum
441 3520 493 3581 est,
504 3516 647 3571 indictione
658 3534 694 3571 ιι.
705 3523 797 3571 nutum
808 3532 879 3583 esse,
891 3517 938 3570 sed
946 3534 984 3582 u,
995 3517 1019 3569 si
1029 3517 1136 3587 quidem
1145 3516 1300 3571 indictiones
1312 3534 1329 3571 s
1339 3518 1386 3573 Sc

240 3600 344 3665 centn,
359 3605 392 3655 ut
408 3599 481 3654 lieds
497 3600 585 3667 docet,
601 3602 714 3655 exordiri
725 3602 843 3657 velimus.
867 3601 934 3656 Cum
944 3603 1015 3657 enim
1024 3603 1126 3673 primun
1137 3618 1223 3656 sunus
1233 3603 1387 3674 Dionysiuni

240 3685 292 3750 eseli
299 3686 386 3741 indict.
398 3702 439 3741 ιιι.
451 3687 576 3757 coeperit,
593 3688 666 3741 cuius
682 3704 699 3741 s
715 3687 862 3757 Septembri
877 3694 971 3758 quoru
987 3690 1074 3759 coepit
1088 3688 1208 3753 indictio,
1223 3704 1386 3761 concoquens

241 3776 271 3819 cst
278 3786 370 3825 sunnin
382 3771 502 3826 eiusdem
513 3772 580 3841 cycli
591 3790 633 3837 nu,
650 3774 694 3843 qui
705 3772 794 3827 indict
805 3790 841 3826 rs.
854 3774 953 3843 coepit,
968 3774 997 3828 in
1007 3774 1071 3839 tine,
1087 3772 1137 3830 boc
1153 3780 1195 3828 est
1205 3790 1222 3827 s
1231 3775 1390 3846 Septembri,v

242 3852 391 3913 indictionem
402 3859 522 3928 quintm
534 3856 670 3922 ltnbuisse;
687 3864 714 3911 et
725 3858 848 3928 quonism
861 3856 991 3924 Christus,
1006 3865 1038 3912 ut
1047 3860 1126 3913 toties
1136 3860 1271 3913 Mnfisnus
1283 3862 1386 3926 occinit,

242 3952 294 3993 suno
304 3944 369 4013 cycli
380 3943 497 3997 secundo
509 3948 586 3997 ustus
598 3948 650 4008 est,
662 3932 803 3997 indictione
814 3942 884 3997 baud
896 3944 974 3998 dubie
985 3945 1078 4015 quinis
1088 3949 1181 3998 ustum
1192 3962 1258 4001 esse.
1410 3978 1430 4019 p,
1441 3969 1484 4010 tit.

294 4024 325 4079 tlt
334 4033 424 4081 sutem
434 4028 508 4083 nulle
519 4028 714 4098 Scottgerisnce
730 4028 869 4099 suspitioni
884 4030 985 4083 lstebrs
1000 4030 1125 4100 supersit,
1141 4046 1195 4100 que
1209 4032 1308 4085 biennii
1324 4049 1385 4101 spo·

242 4109 357 4180 ‘tomensis
371 4113 557 4183 illunn,‚quem
571 4113 748 4184 Dionysisnee
765 4129 841 4168 nerse
857 4116 960 4179 tribuit,
975 4115 1094 4169 Msrimc
1110 4116 1259 4171 suboluisse
1274 4116 1386 4180 coniicit,

242 4190 402 4251 eduousudus
419 4199 500 4252 lector
517 4204 558 4253 est
573 4199 642 4271 spud
653 4198 815 4265 Marianum,
831 4216 897 4270 quse
914 4200 948 4254 sd
964 4216 1047 4253 snuos
1064 4198 1195 4271 sdscripts
1211 4206 1274 4255 sunt
1288 4200 1386 4255 subolis

242 4292 407 4347 “munnere
423 4283 517 4337 luxsts
532 4300 581 4338 suo
592 4285 650 4339 loco
661 4290 687 4339 et
698 4285 782 4338 alieno
793 4286 879 4355 posits
890 4286 984 4350 videri,
1000 4300 1049 4338 neo
1059 4301 1118 4340 soro
1129 4302 1297 4341 numerorum
1307 4291 1385 4339 notu

243 4376 286 4415 tusc
296 4366 441 4421 mendosos.
464 4367 585 4441 Exempli
596 4386 690 4425 ceusso
703 4386 801 4425 sunum
812 4371 927 4442 primum
936 4370 1004 4439 cycli
1014 4370 1168 4441 Dionysisni
1179 4371 1314 4441 componit
1324 4386 1386 4425 curu

243 4460 296 4501 tuno
306 4448 381 4506 Urbis
392 4466 534 4519 nocuus„
550 4455 647 4510 Sabino
665 4460 692 4509 ct
701 4455 825 4509 l’sssieno
837 4472 904 4511 coss.
940 4456 1007 4509 Tun
1022 4472 1091 4511 suno
1108 4457 1227 4527 sequenti
1238 4456 1348 4509 Lentulo
1360 4464 1386 4509 st

243 4530 440 4591 Hmsbnccoss
449 4555 519 4593 suno
527 4540 610 4609 primo
620 4540 724 4606 Christi,
733 4546 854 4595 numeret
862 4540 939 4595 Urbis
948 4556 1049 4595 oecon.
1059 4540 1220 4613 Olympindis
1228 4556 1289 4594 uero
1296 4555 1385 4595 cxciv.

244 4631 322 4675 mouns
332 4638 371 4677 m.
393 4624 475 4693 Atqui
491 4639 576 4678 sunus
592 4640 649 4679 esse
666 4625 756 4680 debuit
768 4625 843 4679 Urbis
855 4642 950 4692 ouon,
966 4632 996 4680 ut
1012 4634 1054 4680 est
1064 4628 1092 4681 in
1102 4626 1187 4681 Festis
1199 4626 1348 4681 (lessiodori
1358 4636 1385 4681 et

244 4698 381 4775 iuptdnni
402 4708 526 4763 Enetum
537 4709 616 4779 igitur
628 4726 644 4763 c
654 4712 760 4765 librario
773 4718 824 4777 est,
838 4712 881 4781 qui
894 4711 953 4767 752.
965 4729 1014 4782 pro
1022 4712 1082 4768 750.
1094 4710 1240 4780 exscripsit
1262 4712 1385 4766 Proinde·

245 4802 282 4853 tte
290 4806 338 4846 uon
345 4798 398 4847 ines
407 4794 470 4849 enni
479 4794 584 4861 desunt,
595 4802 625 4849 ut
633 4796 655 4849 is
664 4796 710 4866 qui
718 4796 827 4849 editioni
836 4796 951 4867 presiuit
958 4797 1104 4862 adnotocit,
1116 4812 1214 4866 neque,
1224 4802 1255 4851 ut
1266 4796 1387 4851 deessent

246 4870 521 4950 diripiundum
529 4880 761 4937 inserendiiorent.
777 4880 1386 4937 iloneuimonimsdrcrtitscssmilbristinusnu
