3650 5642
437 574 569 633 ccmv

435 733 525 803 itaque
533 729 567 793 ὡς
575 728 715 800 Ἐπιφάνιοι
723 728 923 800 malacopan
940 728 1086 783 Ridiculum
1098 734 1138 784 est
1149 729 1229 801 igitur
1237 728 1377 785 absurdum
1385 728 1464 783 illum
1473 728 1588 785 vaona

436 834 536 871 morem
547 834 581 870 οι
592 814 736 886 Epiphanio
748 814 899 868 Noratiauia
910 815 1003 879 tribui,
1014 815 1045 867 de
1057 830 1108 885 qno
1121 830 1255 886 uunquam
1267 816 1399 885 cogitarit.
1436 814 1467 869 ln
1480 815 1587 869 Glaucia?

437 902 568 956 sirmondi
579 902 610 953 dc
622 894 763 971 όδωναρίοις
774 900 839 953 illud
851 900 962 970 amplior
975 900 1089 955 exiebat.
1110 898 1243 970 Ὀδονάρια
1254 906 1281 954 et
1293 896 1388 969 όδόνια,
1402 898 1538 971 ὑφάσματα
1547 898 1588 951 icc.-

437 986 515 1057 μηκη,
526 985 542 1039 δ
554 985 594 1039 aul
606 980 692 1057 όράρια
704 981 770 1056 παρά
782 987 853 1037 τινῶν
865 985 968 1054 λίγειαι·
981 988 1058 1037 ταῦτα
1075 984 1101 1037 cl
1113 983 1136 1037 ol
1148 983 1179 1047 είς
1191 986 1219 1037 τό
1232 982 1353 1037 Παλάτιον
1366 982 1479 1047 ιίςίοντις
1492 984 1588 1057 walc-

334 1082 409 1133 ctat.
434 1090 495 1123 τικοι
512 1070 690 1141 ἐπιφερόμενοι,
708 1068 733 1123 lv
751 1069 834 1131 αδτοῖς
852 1070 893 1121 καί
908 1067 1075 1139 οἰπεμιίττοντο
1092 1069 1132 1121 καλ
1149 1067 1290 1137 daimon]
1325 1070 1526 1125 Observandum
1537 1087 1588 1123 roro

434 1157 508 1209 πόδισ
520 1157 568 1225 lita
580 1157 650 1209 enirn
661 1154 711 1210 hoo
722 1158 780 1210 loco
789 1156 841 1225 leg.
851 1172 898 1226 pro
906 1153 989 1223 citra)
1001 1170 1060 1209 cnm
1073 1152 1183 1217 italicar
1195 1160 1222 1209 et
1233 1153 1332 1225 βράκαις
1343 1157 1495 1227 promiscue
1507 1156 1589 1225 ασιίρίς

433 1242 480 1295 etri
492 1242 595 1313 proprie
603 1242 678 1293 πόδια
691 1241 801 1313 pedum
817 1238 904 1311 βρόκαι
919 1239 1045 1294 feminum
1057 1246 1209 1311 tegumenta
1221 1242 1282 1295 sint
1307 1240 1401 1295 Pollux
1410 1242 1495 1299 lion.
1505 1258 1590 1312 ιερπν.

433 1327 520 1379 nodata
531 1328 619 1381 scribit
629 1343 687 1381 esse
699 1325 756 1387 τους
768 1325 821 1394 περὶ
832 1327 886 1385 τοῖς
895 1324 954 1376 ποσί
965 1324 1064 1394 πιλους,
1083 1342 1149 1395 quae
1160 1324 1290 1394 Aeohylos
1306 1325 1418 1397 πίλυτρα
1435 1334 1521 1383 uocat.
1553 1325 1590 1379 Sir

432 1412 543 1483 Hesych.
560 1411 645 1483 βράκες
661 1410 805 1482 ἀναξυρίδες,
832 1410 865 1463 Et
874 1410 939 1463 alibi
950 1406 1085 1480 ἀναξυρίδες
1098 1408 1230 1481 ρημινάλια
1243 1409 1331 1481 βρακία
1343 1410 1497 1483 βαρβαρικά,
1509 1408 1590 1479 isicia

432 1498 517 1549 ποδῶν
529 1496 676 1567 άποδηματα
687 1495 789 1565 dudini
804 1494 925 1563 βασιλικὰ.
960 1494 1010 1549 Ubi
1020 1492 1173 1565 άναξυρίδας,
1185 1512 1251 1565 quae
1263 1496 1399 1550 femoralia
1410 1502 1491 1561 sunt,
1502 1498 1590 1549 calcea·

431 1590 521 1637 menta
532 1600 636 1654 qnoque
646 1583 720 1647 iacit,
732 1580 872 1651 etquidem
885 1579 973 1649 βαδίιι,
986 1586 1016 1633 ut
1027 1596 1042 1633 a
1053 1580 1130 1634 soleis
1143 1580 1298 1651 distinguat,
1315 1598 1382 1652 quaa
1393 1582 1494 1653 plantis
1504 1581 1590 1653 pedum

432 1670 590 1741 suppositae.
623 1668 702 1721 Porro
718 1666 788 1736 qnod
804 1666 841 1719 ait
851 1664 1010 1737 Epiphanius
1027 1662 1058 1717 τά
1069 1662 1093 1726 ἐξ
1104 1663 1207 1736 lucrios
1222 1667 1384 1737 γεγενημένα,
1401 1684 1454 1721 uos
1471 1666 1540 1739 ipius
1555 1664 1590 1717 rel

432 1754 568 1826 διρματίων
576 1752 715 1823 aliqnando
724 1753 776 1822 leg.
785 1752 944 1806 censuimus.
963 1751 1015 1805 Sed
1023 1750 1132 1804 sonasse
1141 1751 1244 1805 retineri
1254 1752 1336 1805 satius
1348 1758 1401 1818 cst¹
1414 1760 1446 1807 ut
1455 1750 1540 1823 ἱμάτια
1549 1766 1587 1821 pro

431 1841 525 1912 pannis
537 1846 680 1903 sumantur,
692 1852 759 1908 quae
770 1840 811 1889 est
821 1836 950 1907 impilinm
961 1837 1071 1891 ictorum
1080 1836 1246 1906 udcnumque
1258 1837 1374 1891 maaria.
1397 1837 1460 1893 Non
1475 1838 1544 1891 enim
1557 1836 1588 1889 a·

432 1927 499 1980 roias
510 1924 615 1996 pedules
626 1922 668 1976 hic
680 1938 739 1976 esse
750 1927 826 1993 puto,
843 1921 889 1975 aed
902 1921 978 1991 βαδία
990 1920 1149 1991 ὑποδήματα,
1165 1918 1214 1975 hoc
1226 1927 1267 1975 est
1278 1938 1368 1977 soccos
1379 1923 1488 1989 husos,
1504 1920 1587 1993 quibua

431 2014 585 2075 calceantur,
596 2026 649 2063 nou
660 2008 833 2061 obvolvuntur
841 2007 928 2079 podes.

498 2094 530 2151 N.
541 2114 598 2150 xm.
617 2090 674 2146 Ἔτι
683 2092 711 2145 tl
722 2091 746 2145 οί
757 2090 781 2145 iv
793 2097 823 2163 τῇ
834 2090 956 2164 ’dcccxiii
973 2093 1011 2146 De
1023 2092 1165 2147 Donatistis
1176 2092 1308 2147 levissime
1319 2092 1475 2165 dcinnffl'tnr
1485 2090 1588 2164 Epipha-

430 2182 503 2247 nlur3
515 2180 585 2252 quod
595 2179 699 2233 illorum
707 2178 825 2233 fortassis
834 2194 932 2232 errores
942 2176 1011 2231 haud
1019 2178 1082 2231 satie
1092 2184 1260 2249 compererat.
1278 2178 1356 2248 Atqui
1367 2186 1472 2249 pnctsr
1484 2177 1587 2233 cenam

431 2274 457 2321 ct
467 2267 626 2338 pertinacem
637 2281 653 2317 a
663 2264 770 2335 reliquis
781 2264 955 2318 seccmioncm
966 2264 1094 2317 nonnulla
1104 2262 1135 2317 do
1146 2264 1178 2317 iis
1189 2264 1331 2333 peculiaria
1342 2263 1393 2317 dici
1405 2270 1523 2334 possent
1543 2259 1588 2315 dod

432 2368 466 2406 ex
478 2352 578 2423 Optati,
595 2350 735 2421 Augustini
752 2350 913 2420 aliorumque
930 2348 1033 2420 scriptis
1049 2354 1104 2403 tom
1122 2364 1156 2402 ex
1172 2348 1270 2403 Ecclso.
1282 2349 1427 2403 Annalibus
1443 2350 1499 2422 pati
1510 2346 1587 2403 omnia

431 2444 548 2509 possunt

331 2618 406 2669 atta
717 2606 763 2661 AD
779 2606 954 2661 maenam
969 2606 1035 2671 Lx„
1052 2604 1305 2661 asocnlcoaunt

499 2710 539 2763 De
550 2709 590 2763 his
602 2710 714 2779 August.
728 2706 797 2764 haer.
807 2695 899 2763 ιιιιι.
916 2710 1051 2778 Αιιρσίίοί,
1063 2709 1159 2779 inquit,
1171 2713 1198 2761 in
1210 2711 1355 2777 οιιφείοιιιινι
1365 2708 1458 2761 callam
1468 2704 1584 2765 iaciiaut',
1619 2758 1620 2782 ,

432 2814 492 2865 qnos
503 2795 666 2865 Εριρίνοιιίιιι
677 2798 730 2847 iam
742 2798 839 2847 omuino
851 2796 973 2863 defecisse
986 2804 1099 2847 testatur.
1123 2793 1227 2848 Cultum
1238 2792 1280 2847 hio
1292 2790 1334 2860 τὴν
1343 2792 1457 2864 λατρείαν
1469 2790 1584 2859 intellige·

430 2880 490 2933 Alia
501 2880 550 2931 τῶν
562 2876 711 2951 Ἀγγιλικῶν
722 2880 794 2933 notio
807 2879 840 2932 ab
852 2879 903 2931 loci
913 2878 1048 2932 cniusdam
1059 2880 1165 2933 nomine
1176 2896 1282 2951 prorsus
1293 2878 1441 2936 raiioicnda.

692 3067 738 3121 Al)
755 3066 928 3123 Emesam
944 3066 1022 3133 LXI..
1039 3064 1327 3121 APOSTOLICORUM.

497 3170 527 3225 N.
538 3188 576 3225 nu
588 3169 634 3222 Καὶ
643 3167 867 3241 τάίγκυλίσματα]
885 3170 939 3224 Noe
948 3171 1071 3242 pleraque
1080 3157 1263 3225 vocabulorum
1275 3172 1385 3225 ictorum
1394 3169 1582 3241 explicavimus.

430 3257 560 3327 quomodo
571 3257 712 3327 potuimus.
745 3256 855 3311 delicias
873 3256 899 3309 id
913 3256 1084 3326 praestabunt
1095 3256 1140 3309 alii
1150 3256 1247 3335 qtribns¹
1257 3272 1288 3309 ea
1299 3256 1401 3309 notiora
1411 3254 1516 3309 inerint.
1539 3252 1581 3305 Pro

429 3340 596 3411 ίγιυλίσματα
607 3342 758 3411 auspicabar
768 3342 820 3411 leg.
831 3340 985 3411 χελόσματα,
998 3357 1064 3411 ques
1076 3346 1138 3393 snut
1148 3340 1247 3395 Polluci
1257 3342 1301 3395 lib.
1309 3358 1325 3395 1.
1335 3357 1391 3411 cap.
1397 3359 1434 3395 rx.
1443 3340 1580 3393 ιιοεαοιίιια
1617 3332 1618 3345 ’

429 3429 462 3479 At
474 3444 520 3497 pro
533 3422 620 3493 όιινῶν,
639 3422 729 3493 όλκῶν,
746 3442 812 3494 qnae
823 3426 890 3478 inter
902 3424 1002 3475 ναυτικὰ
1014 3424 1086 3490 σαίιιη
1100 3426 1133 3477 ab
1146 3424 1235 3479 codem
1247 3432 1430 3497 percenseatur
1442 3427 1486 3481 lib.
1495 3443 1520 3479 ι
1531 3438 1580 3491 cap.

427 3528 491 3565 ιιι.
516 3511 548 3563 Et
558 3510 652 3563 Suidas
664 3511 700 3562 ait
712 3526 769 3562 esse
780 3508 809 3559 εδ
822 3512 863 3574 τῆς
875 3508 995 3577 τρόπιδος
1006 3504 1107 3579 darona.
1130 3510 1264 3565 Postremo
1276 3509 1356 3582 αὐχὴν
1367 3510 1466 3565 Polluci
1478 3526 1534 3582 pars
1545 3510 1580 3559 cst

428 3595 555 3663 quaedam
568 3596 646 3659 clari,
662 3595 716 3646 sire
732 3594 910 3662 gubernaculi.
944 3592 1079 3647 linetathio
1091 3610 1151 3649 rcro
1165 3594 1243 3667 αὐχὴν
1255 3602 1281 3649 ct
1292 3594 1403 3668 αὖχίνιον
1414 3602 1527 3667 prototo
1538 3607 1579 3663 gu·

427 3679 566 3732 bernaonlo
578 3679 699 3731 sumitur:
713 3676 783 3746 quod
796 3676 856 3729 huic
866 3678 924 3731 loco
936 3694 989 3731 non
1001 3678 1126 3748 congruit

496 3764 527 3819 N.
536 3782 572 3817 rr.
590 3763 632 3814 Δεῖ
644 3760 670 3813 dl
682 3760 722 3812 acl
734 3760 869 3832 παραδόσει
880 3764 1033 3833 κεχρῆσθαι]
1049 3762 1162 3834 Insignis
1172 3763 1214 3819 hic
1225 3766 1299 3819 locus
1310 3764 1343 3818 ad
1354 3764 1578 3821 ecclesiasticarum

426 3848 593 3902 traditionum
604 3848 767 3901 autoritatum
779 3846 954 3903 emerendam.
973 3848 1020 3901 (lui
1029 3864 1168 3919 germanus
1181 3858 1221 3903 est
1231 3850 1274 3903 ille
1286 3848 1377 3903 Basilii
1387 3850 1420 3903 ad
1432 3850 1540 3923 Amphil.
1551 3846 1578 3899 dc

427 3934 525 4004 Spiritu
536 3933 644 3986 Sancto:
661 3936 710 3984 τῶν
722 3929 746 3985 ἐν
758 3936 787 4002 τῇ
800 3929 918 4003 ίκιιλησίρ
929 3932 1121 4005 πεφυλαγμένον
1134 3932 1265 4005 δογμάτων
1277 3934 1317 3987 καί
1327 3932 1493 4006 κηρυγμάτων
1502 3932 1529 3987 τά
1539 3930 1575 4001 μίν

426 4018 454 4073 ia
465 4022 507 4086 τῆς
518 4016 643 4089 ἐγγράφου
656 4016 812 4079 διδασκαλίας
824 4014 921 4087 ἔχομεν,
939 4016 970 4068 τά
982 4016 1008 4069 dl
1020 4016 1046 4070 ἐκ
1058 4022 1099 4084 τῆς
1112 4022 1160 4070 τῶν
1173 4016 1319 4073 ἀποστόλων
1332 4020 1492 4091 παραδόσεως
1503 4017 1576 4072 διαδο-

428 4104 498 4157 δίντα
508 4102 566 4174 ἡμῖν
577 4100 601 4154 ίν
614 4102 739 4174 μυστηρίῳ
752 4101 939 4173 παρεδιξάμιθα·
950 4099 1010 4174 άπερ
1027 4098 1152 4173 άμφότερα
1168 4102 1210 4172 τὴν
1227 4103 1301 4173 αὐτὴν
1313 4102 1384 4175 loxias
1400 4100 1449 4176 ε’χιι
1466 4106 1524 4175 πρὸς
1538 4098 1574 4165 tlt

428 4190 556 4260 είσίβειαν,
568 4188 608 4241 καλ
620 4189 714 4249 τούτοις
726 4187 804 4248 οὐδεὶς
816 4186 918 4258 ἀντερεῖ,
936 4184 997 4249 δςτις
1014 4206 1041 4257 γε
1054 4190 1098 4257 κᾷν
1111 4184 1172 4241 κατά
1184 4188 1269 4259 μικράν
1279 4194 1338 4259 γοῦν
1350 4188 1445 4261 δεσμῶν
1457 4186 1574 4253 ἐκκλησια-

428 4278 519 4329 στικῶν
536 4276 684 4342 πεπείραται.
708 4274 772 4326 Vide
788 4279 896 4327 caetera
932 4270 982 4325 Ubi
997 4272 1148 4327 traditimes
1164 4291 1216 4327 nou
1232 4275 1290 4329 illes
1305 4281 1406 4328 tantum
1422 4272 1573 4327 adsciscitet

427 4360 586 4415 ποοοοοαιίαα
603 4374 660 4412 esse
677 4358 804 4423 defendit,
825 4374 891 4429 quae
908 4356 941 4409 ad
958 4358 1023 4411 ritus
1041 4359 1268 4429 caeremoniasque
1285 4360 1424 4431 pertinent,
1441 4360 1488 4413 sed
1505 4358 1572 4413 etiam

428 4462 494 4515 quae
505 4446 629 4517 dogmata
639 4442 700 4497 fidei
711 4458 740 4496 ac
752 4443 854 4497 decreta
864 4443 1005 4499 confluent.

677 4630 723 4685 AD
740 4631 913 4686 massam
928 4630 1018 4698 Lm,
1040 4630 1332 4689 SABELLIANORUM.

493 4734 526 4791 ll.
539 4754 574 4789 ιι.
596 4733 642 4789 Ἐκ
652 4733 794 4805 πατρδςκοὶ
805 4733 878 4803 trau]
912 4734 1017 4806 Aliquot
1033 4734 1098 4790 locis
1114 4734 1274 4807 Epiphanius
1291 4736 1410 4808 spiritum
1430 4740 1570 4791 canaan!

398 4817 499 4891 ‘pane
510 4820 601 4873 attilio
612 4819 749 4891 procedere
760 4821 1022 4891 perspicuctartatnr,
1033 4821 1371 4895 praesertimindncorato.
1612 4814 1613 4836 ¹
