3650 5642
372 589 432 651 104
695 595 875 648 siueottlt
891 595 929 646 tlt
946 595 1099 647 sennen.
1118 595 1193 648 PAN.

370 718 412 769 sic
428 717 512 769 cutim
529 727 599 786 post:
626 714 669 771 riu
686 715 732 783 μὲν
748 694 812 770 orsi
827 715 902 783 (νοῦν)
922 711 989 784 εἶχε,
1007 716 1051 770 τοῦ
1068 733 1097 769 τε
1115 713 1173 782 (leg.
1189 713 1229 780 64)
1248 715 1356 782 Χριστοῦ
1379 714 1457 780 (nius
1476 713 1529 776 νοῦ)

371 802 520 869 ἐνεφορεῖτο.
554 813 580 852 et
597 821 621 870 p.
635 807 684 852 394
700 804 792 868 (1029)
810 799 970 868 ἐνεφοροῦντο
986 801 1031 854 τοῦ
1050 800 1161 866 Χριστοῦ
1178 801 1228 852 νοῦ.
1263 800 1355 850 Pariter
1372 809 1439 867 post
1457 799 1529 866 puolo

370 898 506 954 peccetur:
534 887 644 953 Χριστοῦ
670 885 810 954 ἐνεφορεῖτο
833 886 904 946 νοῦν,
930 885 972 935 ubi
997 903 1078 936 rursus
1102 887 1144 938 νοῦ
1166 884 1331 936 scribendum.
1361 883 1530 936 Tnnsistom

370 971 546 1040 ἐμφορεῖσθαι,
564 975 648 1036 septen
664 977 745 1036 utiquc
762 987 796 1034 re,
815 971 960 1036 genitivum,
979 987 1028 1020 non
1045 970 1209 1020 accusativum
1226 968 1349 1020 adsciscit.
1384 969 1449 1020 Vid.
1470 969 1531 1020 Arsi·

370 1056 493 1108 medrers.
511 1055 538 1106 in
556 1060 582 1106 S.
595 1059 670 1108 Booti.
689 1059 707 1106 Ι.
727 1075 751 1124 μ.
767 1061 809 1105 61.
824 1073 862 1124 sq.

438 1141 464 1194 P.
480 1144 530 1190 396
545 1141 648 1208 (1020).
682 1139 739 1196 3ιά
763 1143 826 1194 τῶν
851 1140 1042 1194 τσκετικῶν
1065 1137 1188 1208 πόρων]
1216 1139 1371 1191 vicerunt.
1393 1138 1422 1188 in
1443 1140 1532 1189 T.ttt.

371 1246 396 1296 p.
412 1231 461 1276 382
478 1230 572 1291 (1022)
599 1237 625 1277 et
643 1227 711 1277 coni.
729 1229 760 1278 T.
776 1229 817 1278 tlt.
835 1245 861 1294 p.
879 1229 928 1275 516
945 1227 1036 1292 (1097)
1054 1249 1087 1270 ==
1106 1225 1228 1292 Ansceph.
1245 1243 1269 1293 p.
1286 1229 1335 1275 684
1350 1227 1442 1290 (153).
1471 1241 1532 1276 κνο-

370 1310 494 1380 couniti:
510 1307 554 1366 διὰ
570 1313 723 1378 γεννητικῶν
740 1310 824 1379 κόριον
840 1306 1050 1380 οἱνιτταισχῦντως.

438 1398 466 1450 P.
485 1400 537 1446 400
558 1398 660 1464 (1031).
695 1397 752 1450 τοῦ
778 1397 899 1464 μικροῦ
925 1395 981 1449 κα)
1006 1395 1164 1465 βραχέως
1188 1392 1303 1463 λόγον)
1331 1395 1470 1464 Βραχέονς
1495 1393 1534 1444 esi

370 1480 460 1542 ussit,
479 1481 595 1552 βραχέως
611 1483 652 1534 ed.
672 1485 773 1543 Petam,
792 1493 922 1550 utrumque
938 1481 1051 1549 pessime.
1088 1479 1205 1532 Rescribe
1223 1479 1336 1548 βραχέος.

439 1567 466 1618 P.
483 1569 533 1616 tot
543 1569 645 1636 (1038).
680 1568 738 1622 ἐπὶ
755 1564 793 1621 τὰ
811 1566 895 1633 iiic
910 1566 950 1619 ἶω
959 1568 1029 1633 μεν]
1048 1563 1105 1626 Τὰς
1121 1564 1181 1633 ἑξῆς
1197 1564 1354 1616 scribendum
1369 1582 1428 1615 csse
1445 1562 1532 1630 suspi-

372 1651 449 1715 ceris,
475 1651 533 1703 coli.
549 1663 634 1704 ennot.
652 1654 677 1704 iu
694 1656 725 1706 T.
738 1657 782 1705 ΙΙΙ.
799 1669 824 1720 p.
833 1657 865 1701 68
882 1656 968 1714 (844).
1002 1651 1090 1718 Neque
1104 1660 1187 1700 temen
1203 1649 1235 1704 τὰ
1251 1649 1314 1718 ἑξῆς
1328 1661 1394 1702 sture
1412 1667 1470 1700 nou
1485 1667 1535 1716 pu-

371 1745 430 1788 test.
465 1736 522 1789 Virt
540 1748 626 1788 annot.
644 1738 670 1788 in
685 1741 716 1790 T.
730 1741 762 1788 11.
780 1755 804 1806 p.
818 1742 867 1788 246
885 1737 969 1804 (633).

438 1823 465 1873 Ρ.
480 1825 530 1872 404
540 1825 642 1891 (1034).
668 1818 922 1890 τιοθηνοτοὶτοις
939 1819 1090 1889 τέκνοις)
1109 1820 1235 1888 Scriptura
1251 1821 1437 1888 ποὲηνοτοὶτσις
1452 1821 1534 1872 libn-

371 1905 410 1958 rio
428 1907 633 1959 Graecobnrbero
650 1908 763 1959 debetur.
798 1908 901 1974 Repone
916 1902 1105 1966 ποθεινοτᾶτοις.

438 1993 466 2043 P.
483 1996 533 2042 406
553 1993 655 2062 (1036).
689 1990 744 2047 διὰ
769 1990 806 2047 ri
831 1989 961 2052 νωδοῦς
985 1985 1247 2059 ἀποτελεῖσθαι)
1274 1989 1384 2052 Nestoi<
1409 1995 1536 2043 eumeces

372 2077 438 2128 mule
454 2077 633 2145 interpretetur
647 2083 773 2141 Petooitst5
789 2077 934 2129 vertendum
952 2087 1019 2128 eret:
1037 2081 1152 2129 attonitos.
1186 2079 1255 2127 Voce
1271 2073 1362 2141 νωδὸς,
1380 2077 1434 2126 hoe
1452 2075 1534 2141 signi·
1625 2097 1626 2114 ι

371 2161 446 2215 ficeto
460 2163 552 2229 posite,
572 2163 731 2214 Grammatici
748 2181 834 2214 vocem
852 2161 932 2224 ἐνεός,
949 2162 981 2212 de
999 2181 1046 2230 que
1059 2162 1108 2213 rid.
1127 2171 1212 2212 annot.
1226 2161 1252 2212 in
1269 2163 1301 2212 T.
1318 2163 1337 2214 Ι.
1354 2179 1380 2228 ρ.
1391 2165 1444 2212 182
1462 2165 1533 2224 (66),

370 2246 476 2299 reddero
492 2249 584 2300 soient.
617 2247 674 2299 Vid.
692 2251 811 2300 Ruhnken
829 2247 861 2297 ed
879 2252 938 2298 Tim.
956 2250 1016 2298 Lex.
1033 2249 1095 2298 Vuc.
1115 2247 1178 2298 Plut.
1198 2265 1223 2314 p.
1238 2251 1294 2296 102.

439 2334 467 2384 P.
483 2337 533 2383 408
549 2334 650 2400 (1036).
681 2329 727 2386 Δῦ
733 2332 815 2386 τίκα
830 2336 875 2398 -]
895 2328 994 2386 Αῦτῑκα
1011 2333 1035 2382 in
1050 2331 1122 2382 initio
1138 2331 1313 2382 enuntiationis
1330 2331 1450 2399 positum,
1470 2347 1533 2398 pro-

372 2417 460 2469 bandis
478 2418 609 2469 sententiis
623 2418 736 2481 inseruit,
755 2428 781 2468 ut
797 2421 853 2468 Let.
868 2423 955 2469 stottns.
982 2418 1038 2468 virt
1049 2420 1167 2470 Ruhnken.
1183 2417 1214 2468 sd
1226 2421 1284 2468 Tine.
1301 2418 1329 2466 1..
1346 2418 1375 2466 V.
1394 2417 1431 2468 Pl.
1453 2435 1480 2484 p.
1489 2420 1531 2465 66.

372 2503 488 2556 Petusius
506 2503 644 2554 insolenter
659 2503 853 2571 interpretetur:
870 2519 921 2555 soce
938 2507 987 2554 tibi.

439 2590 466 2640 P.
481 2593 531 2638 408
547 2590 649 2657 (1036).
682 2586 778 2642 Μετὰ
804 2585 948 2648 τούτους
974 2587 1011 2643 oi
1036 2583 1198 2649 οῦςαῦτως
1220 2587 1249 2642 οἱ
1269 2587 1340 2642 νέοι
1363 2583 1533 2646 Ἰουδαῖοι

370 2668 643 2740 οἷλλειιαλλήλως
667 2674 708 2742 τῇ
736 2669 823 2744 αῦτῇ
853 2672 1069 2742 κεχρημένοι
1097 2668 1216 2741 οἷγωχχ)
1243 2672 1356 2740 οἱμὲν
1383 2673 1533 2742 φυσικοὶ

371 2752 540 2813 Ἰουδαῖοι
565 2757 654 2811 κατὰ
681 2757 793 2822 σάρκα
819 2754 876 2824 μὲν
902 2753 1116 2825 ἠρνήσαντο,
1143 2760 1171 2811 οἱ
1189 2756 1297 2813 etuti
1321 2755 1531 2828 ἀρνούμενοι

370 2839 432 2907 τήν
456 2845 513 2895 τοῦ
536 2843 610 2895 οἱοῦ
629 2876 654 2891 ..
672 2841 899 2908 χνησιὸτητα,
924 2843 1053 2910 κτίσμα
1071 2840 1171 2897 αὐτὸν
1190 2879 1213 2894 ..
1231 2843 1530 2912 διισχυρίζονται.)

373 2928 434 2978 Post
449 2921 541 2996 α’χωγῇ
559 2926 624 2978 udde
640 2918 668 2996 χ’.
696 2928 784 2978 Verbis
802 2927 825 2980 oi
841 2925 871 2980 δὲ
887 2929 929 2981 νῦν
941 2938 987 2978 cet.
1006 2929 1089 2996 priore
1107 2929 1131 2982 οἱ
1146 2928 1196 2982 uice
1211 2923 1330 2982 Ἰουδαῖοι
1343 2941 1389 2980 cet.
1409 2947 1455 2997 per
1466 2945 1529 2980 ans-

375 3011 509 3062 coiuthism
526 3011 561 3062 ite
578 3023 739 3080 repetuntur,
758 3024 784 3063 ut
802 3012 943 3064 referantur
959 3013 991 3064 ed
1008 3013 1170 3081 interpositu:
1195 3005 1256 3082 ᾔοὶ
1273 3012 1317 3080 μὲν
1334 3015 1438 3081 φυσικοὶ
1462 3011 1530 3067 Ἰον-

374 3099 441 3151 totu
457 3129 484 3147 ι.
500 3090 642 3165 ἠρνήσαντο
686 3099 892 3150 coniunctionem
920 3097 965 3166 uis
982 3100 1056 3150 etiem
1079 3099 1188 3166 optimae
1205 3110 1281 3150 notae
1296 3099 1431 3167 scriptores
1447 3100 1529 3150 inter-

374 3181 434 3232 dum
447 3190 565 3250 repetunt
581 3183 606 3232 in
626 3184 715 3234 eodem
733 3184 869 3234 enuntiato.
905 3185 978 3236 Corsi.
994 3203 1016 3234 ν.
1033 3203 1053 3235 c.
1074 3189 1121 3236 Ast.
1141 3185 1199 3234 Lex.
1219 3184 1281 3235 Piut.
1299 3187 1330 3236 T.
1345 3187 1374 3235 11.
1393 3203 1418 3252 p.
1429 3189 1489 3234 303.

442 3269 469 3318 P.
486 3271 536 3317 408
551 3268 653 3336 (1037).
688 3266 802 3328 καθώς
820 3268 938 3337 εἰπεῖν)
958 3269 986 3319 ld
1004 3280 1055 3320 est:
1074 3276 1100 3321 ut
1118 3273 1153 3320 itu
1169 3272 1257 3332 dicem,
1274 3270 1344 3337 quod
1362 3271 1459 3321 Graece
1475 3287 1529 3320 nse-

373 3351 420 3403 lius
434 3352 525 3406 dicitur
541 3349 577 3413 uic
594 3353 679 3407 εἰπεῖν.
715 3354 757 3404 stc
771 3355 865 3404 Noster
881 3373 905 3422 p.
915 3359 964 3404 422
981 3355 1080 3422 (1044).
1108 3358 1158 3404 454
1175 3353 1277 3421 (1062).
1301 3359 1351 3406 462
1369 3359 1459 3420 (1067,
1470 3355 1529 3421 bis).

373 3441 422 3488 476
440 3439 529 3504 (1074,
547 3439 597 3505 bis)
616 3449 642 3488 et
659 3439 726 3492 stibi.
1105 3465 1113 3476 ·

441 3524 469 3574 P.
482 3527 541 3574 408.
557 3541 596 3592 sq.
611 3525 713 3593 (1037).
748 3524 790 3578 Ti
806 3521 869 3593 γὰρ
886 3519 954 3578 ἀλλ’
970 3519 990 3591 ἦ
1007 3554 1041 3564 -
1059 3555 1091 3565 -
1108 3519 1195 3593 ἤπερ
1212 3521 1450 3591 κελεῦοσθαις)
1471 3522 1528 3575 Noti

374 3608 508 3677 quidquam
522 3619 627 3660 mutere.
660 3606 728 3662 Ἀλλ’
744 3604 763 3676 ἦ
781 3620 820 3660 est
835 3617 1015 3675 praeterquam,
1041 3615 1087 3662 οἱον·
1105 3611 1166 3678 (vid.
1181 3621 1266 3662 euuot.
1286 3611 1312 3661 iu
1328 3613 1359 3663 T.
1377 3613 1407 3662 ΙΙ.
1427 3631 1453 3679 p.
1470 3613 1527 3668 616,

376 3694 459 3760 743),
488 3703 514 3744 et
535 3695 610 3744 verbe
627 3695 653 3748 ri
669 3693 718 3762 γὰρ
735 3688 790 3749 ἀλλ’
807 3689 827 3761 ν)
847 3723 877 3734 -·
896 3693 1026 3765 βούλονται
1046 3724 1071 3733 -
1092 3693 1202 3750 κελεύειν
1220 3697 1311 3764 μᾶλλον
1328 3697 1382 3764 sert
1400 3691 1467 3763 ἤπερ
1484 3711 1527 3748 κε-

374 3774 506 3838 λεῦοοθαις
524 3778 574 3831 hoc
588 3779 635 3830 sibi
653 3780 751 3830 volunt:
770 3783 834 3842 Quid
849 3785 910 3833 eninr
927 3783 994 3831 atiud
1011 3785 1109 3844 innunt,
1126 3785 1171 3832 nisi
1186 3811 1217 3820 -
1227 3785 1271 3832 rteo
1285 3785 1444 3845 praescribere
1458 3795 1527 3847 quon

374 3870 424 3916 eius
438 3868 567 3929 prosapiis
583 3870 739 3929 obtemperem
756 3868 866 3917 molunt?
889 3866 953 3916 sicut
969 3867 1081 3917 Peterius
1097 3875 1166 3916 recte
1183 3867 1264 3917 vertit.
1300 3869 1472 3934 Quemqusm,
1489 3865 1526 3915 el-

373 3950 430 4018 iipsi
444 3960 557 4013 servate,
577 3962 674 4001 vertere
693 3961 807 4018 poteret:
834 3953 898 4014 Quid
914 3955 976 4003 enim
992 3955 1060 4002 oiitud
1077 3955 1123 4004 niet
1141 3981 1172 3990 -
1189 3955 1302 4004 Murci?
1337 3951 1393 4002 virt.
1411 3957 1460 4004 Ast.
1478 3958 1526 4000 tn-

373 4040 431 4087 not.⁸
446 4035 472 4086 in
489 4039 550 4108 Pici.
569 4037 661 4088 Phseri
681 4057 704 4104 p.
718 4040 776 4087 627.

441 4123 467 4172 Ρ.
484 4126 533 4172 422
551 4123 652 4190 (1044).
688 4121 733 4176 Ti
761 4124 845 4185 ζῶον
871 4120 931 4189 μέν
958 4119 1034 4175 ἐστι
1052 4119 1281 4190 ’τραγῦτατον)
1300 4120 1480 4191 Τραχῦτατον,
1502 4119 1525 4170 id

374 4216 413 4256 est
436 4210 566 4270 σοραιιοιο
589 4212 685 4272 ummo,
711 4207 842 4275 legendum
865 4207 984 4258 coniicio.
1018 4207 1100 4258 Minus
1123 4207 1206 4275 piseet
1227 4203 1383 4274 γοργὸτατον.
1420 4211 1527 4259 Pennus

373 4291 450 4342 vertit
467 4296 659 4357 οοτοοίοοίοινοιι,
677 4293 746 4360 quusi
763 4293 883 4358 scriptum
901 4302 968 4342 esset
986 4289 1134 4361 βορώτατον-

440 4377 648 4445 Ρ.426(1046).
683 4375 732 4430 Tt
758 4373 794 4432 64
818 4375 946 4445 γόνατα
969 4373 1073 4430 αῦτοῦ
1097 4375 1456 4444 ἐσκληκῑασανδίκην
1473 4395 1526 4430 κα-
1625 4385 1626 4404 ’

374 4461 498 4530 μήλων)
517 4464 615 4530 Respuo
630 4463 700 4513 nihili
717 4463 817 4514 verbum
835 4461 1006 4528 ἐσκληκῑασαν
1025 4473 1048 4512 et
1068 4479 1162 4530 repono
1178 4461 1355 4528 ἑσκληρῑασαν.
1390 4462 1526 4512 Notescet

373 4548 495 4599 vocabule
510 4545 641 4616 οκληραὶο)
659 4560 685 4599 et
701 4548 857 4615 οκληρίασις,
876 4564 979 4616 quorum
996 4548 1062 4615 prius
1080 4565 1111 4600 eo
1128 4557 1166 4598 est
1182 4565 1211 4598 ex
1228 4548 1358 4598 verborum
1373 4563 1482 4614 genere,
1500 4546 1526 4596 de

374 4649 423 4702 qno
441 4632 492 4684 riri
508 4635 605 4686 toueet.
624 4633 656 4684 erl
674 4637 760 4696 Peru.
779 4651 803 4701 p.
814 4637 855 4684 79.
866 4651 903 4701 sq.
921 4649 994 4702 quem
1011 4631 1036 4682 id
1056 4634 1156 4685 verbum
1174 4632 1313 4700 neglexisse
1330 4632 1413 4683 miror.
1625 4689 1626 4706 .

441 4719 467 4769 P.
482 4723 534 4769 428
550 4721 652 4787 (1048).
685 4717 942 4783 τεκνοκνΐακτι)
971 4720 998 4770 ln
1018 4719 1106 4768 Lexice
1131 4719 1199 4769 refer
1218 4719 1318 4770 verbum
1335 4715 1526 4779 resumimus,
1625 4707 1626 4778 i

374 4821 422 4873 pro
437 4809 588 4874 τεκνογονεῖν
605 4804 645 4854 rel
661 4809 810 4858 τεκνοποιεῖν
825 4814 978 4872 usurpatum.
