3650 5642
1228 596 1390 675 onmis

243 770 330 835 inissa,
341 772 385 841 qai
396 772 516 825 nondum
527 776 695 825 emerserunt
717 770 784 825 Nam
794 776 825 825 ut
835 786 881 825 sos
892 786 972 842 quam
984 770 1178 843 antiquissimos
1188 772 1326 836 isdemne,
1337 786 1391 825 non

242 862 300 909 anta
307 863 409 927 tenpus
420 857 546 910 Antonini
556 872 615 910 asae
625 862 779 927 potuerunt,
790 858 864 911 ouius
876 873 945 910 anno
956 874 1010 910 mx.
1022 858 1161 911 Montanus
1173 858 1280 928 prodiit,
1291 862 1321 910 ut
1331 856 1391 909 bse-

240 943 290 993 resi
299 956 387 995 menn
399 942 505 1012 scripsit
514 940 687 1012 Epiphaniuse
704 943 750 1013 qui
765 958 850 995 annus
865 942 986 1012 uougruit
997 941 1091 995 Christi
1103 958 1172 997 eurr.
1194 944 1274 1012 Atqui
1284 956 1332 995 nos
1344 942 1391 995 ibi·

242 1024 296 1077 dem
310 1024 482 1096 Epiphanium
499 1028 633 1081 aberrasse
650 1028 799 1091 docuimus,
819 1042 869 1080 neo
883 1032 944 1080 aute
960 1027 1058 1081 Aurelii
1072 1034 1175 1099 tempus
1194 1033 1300 1081 exortos
1316 1026 1392 1079 Gota-

240 1110 361 1180 phrygas,
376 1113 486 1181 eiusque
502 1128 571 1165 anno
582 1130 619 1167 ιι.
631 1117 662 1165 ut
676 1113 766 1165 scribit
780 1112 916 1167 Eusebius.
952 1110 1036 1175 Quare
1047 1112 1126 1183 louge
1135 1113 1204 1167 inira
1214 1110 1278 1165 illud
1289 1118 1391 1183 tempus

241 1195 388 1249 embadi
398 1204 469 1249 sunt

301 1276 346 1341 Ὃς
358 1275 388 1347 ἦν
399 1282 490 1351 χρόνος
503 1282 563 1351 μετὰ
574 1280 617 1348 τὴν
627 1286 674 1334 τοῦ
685 1285 795 1352 σωτῆρος
807 1278 947 1353 dedique]
977 1281 1053 1335 Aliud
1064 1296 1148 1351 ugone
1157 1280 1317 1353 EpiphunIus
1328 1280 1393 1335 heau

241 1363 344 1434 seripsit
376 1365 437 1419 Non
449 1367 518 1419 anim
529 1373 591 1438 post
601 1364 727 1437 ἀνάληψιν,
744 1366 794 1419 hoe
809 1373 853 1419 est
866 1382 1005 1420 assensum
1017 1367 1127 1432 domini,
1144 1368 1189 1421 sed
1200 1372 1260 1438 post
1270 1368 1328 1421 aius
1339 1364 1393 1437 γίν-

242 1468 301 1513 νηπν
315 1457 342 1503 et
354 1452 470 1504 natatem
481 1466 556 1507 norm
574 1453 671 1522 elapsis
686 1453 763 1505 suuis
778 1452 954 1523 Apocalypsin
968 1452 1079 1505 loannes
1096 1452 1191 1523 attigit
1225 1453 1322 1506 Verum
1336 1466 1382 1523 per

240 1535 310 1603 piaxa
320 1535 462 1589 admodams
472 1537 588 1607 loquitur
598 1536 773 1608 Epiphanius,
786 1544 814 1590 et
825 1554 885 1591 oum
896 1543 974 1591 autes
985 1538 1060 1591 isteri
1072 1539 1142 1590 risus
1155 1539 1200 1601 sit,
1212 1536 1317 1591 Ioannis
1328 1544 1393 1591 tem

242 1636 298 1687 pora
308 1622 409 1674 nulium
420 1620 553 1691 'thyatiris
563 1623 705 1693 uestigium
721 1619 845 1675 eeclesiae
860 1622 1033 1692 superfuisse,
1048 1638 1113 1675 mox
1128 1622 1241 1693 idipsum
1256 1629 1316 1693 post
1332 1638 1394 1693 upo-

240 1706 360 1759 atoiornm
370 1722 402 1759 ao
412 1708 519 1760 loannis
530 1712 641 1761 aetatem
658 1707 800 1777 contigisse
815 1706 889 1759 dicit:
908 1706 946 1758 dio
965 1707 1005 1759 eei
1021 1704 1156 1759 denotioos
1172 1709 1201 1759 sb
1214 1705 1281 1778 ἅγιον
1299 1712 1394 1778 πνεῦμα

241 1788 391 1861 &undique
401 1790 468 1862 ἡμῖν,
479 1794 533 1852 πῶς
541 1788 629 1863 ἔμελλε
640 1792 778 1844 πλανᾶσθαι
789 1790 805 1858 ἡ
818 1789 936 1857 ἐκκλησία
948 1794 1009 1862 μετὰ
1021 1792 1064 1843 rio
1076 1793 1167 1863 χρόνον
1176 1796 1225 1844 τῶν
1237 1792 1393 1861 ἀποστόλων,

241 1880 280 1926 roi
295 1892 320 1926 τε
334 1873 451 1927 Ἰωάννου
467 1876 508 1928 seui
522 1878 572 1928 τῶν
589 1876 703 1947 ναθεῆςς
721 1876 791 1947 quod
806 1883 910 1947 sompno
927 1878 1002 1931 annia
1013 1892 1081 1931 xum
1097 1876 1157 1947 μιτὰ
1173 1876 1216 1944 τὴν
1227 1882 1271 1930 τοῦ
1282 1881 1393 1949 σωτῆρος

242 1957 351 2030 &adipio
367 1961 465 2015 definit
499 1961 530 2015 si
540 1961 737 2033 Gataphrygum
752 1961 868 2016 haeresis
879 1978 949 2015 anno
961 1960 1058 2016 Christi
1070 1978 1148 2028 curn,
1159 1961 1207 2016 hoo
1220 1970 1260 2016 ast
1270 1964 1394 2017 Antonini

242 2062 297 2110 mx,
306 2046 412 2100 initium
422 2045 525 2112 babuit,
540 2054 572 2100 nt
587 2054 678 2101 censet
688 2046 861 2118 Epiphanius,
878 2046 996 2101 Christus
1007 2053 1094 2101 eutem
1105 2062 1198 2117 passus
1210 2054 1251 2101 est
1262 2054 1287 2102 et
1297 2050 1325 2101 in
1337 2064 1394 2102 coe·

242 2131 289 2182 ium
298 2132 439 2185 subsestns
450 2148 520 2185 anno
531 2148 631 2198 νυνι,
642 2134 684 2186 val
693 2150 796 2199 xum,
807 2133 902 2186 additis
916 2146 964 2187 cnr
974 2133 1042 2186 flunt
1052 2133 1114 2185 euni
1125 2134 1226 2187 sireiter
1233 2148 1326 2199 curer,
1338 2134 1394 2203 qui·

243 2216 284 2268 bus
299 2218 397 2287 stapsis
413 2215 597 2287 Thyatirorum
614 2218 750 2273 ecelesiam
766 2218 928 2272 intercidisse
945 2222 1031 2289 putat;
1052 2218 1121 2287 quod
1138 2232 1172 2270 ue
1187 2218 1274 2288 ipsum
1291 2218 1395 2289 quidem

243 2309 336 2371 tenpus
347 2301 382 2354 sd
391 2301 587 2374 Catapbrygum
599 2304 727 2373 originem
738 2300 866 2358 conuenit.
885 2304 969 2367 Quare
980 2304 1031 2355 sisi
1042 2302 1206 2357 librariorum
1218 2304 1295 2375 eulpa
1304 2304 1393 2357 sitium

244 2386 441 2441 isnuuouum
452 2394 527 2441 aotss
539 2388 688 2454 ineurrsrit,
700 2387 874 2459 Epipbmium
886 2402 971 2441 errare
982 2402 1088 2441 neeesse
1100 2393 1146 2441 est

301 2472 361 2524 Κατ’
372 2470 464 2525 ἐκείνου
475 2476 582 2544 καιροὶ]
602 2473 692 2528 Scribe
709 2472 765 2526 κατ’
777 2470 863 2529 dative.

301 2555 342 2609 ’iis
353 2560 454 2629 χρόνον(
465 2558 608 2627 Κλαυδίαν]
629 2559 781 2630 Parperam,
792 2564 912 2631 utsupra
922 2559 1080 2612 monuimus.
1103 2556 1170 2612 iiam
1181 2559 1231 2613 sub
1243 2558 1391 2613 Domitiana
1418 2575 1438 2614 n·
1447 2559 1493 2606 λ14-

243 2642 363 2712 seiegsurs
374 2647 425 2697 est„

300 2728 331 2781 M.
342 2746 434 2782 xsnrr.
459 2729 492 2782 Oi
501 2727 561 2791 τινός
573 2727 631 2782 εἰσιν
641 2728 787 2800 'AosripsonJ
820 2729 914 2783 Persae
929 2729 962 2781 sd
978 2728 1135 2801 Euphrubeur
1151 2730 1258 2783 minime
1269 2730 1312 2783 siti
1323 2734 1392 2785 snt.

244 2812 287 2865 ded
302 2813 436 2874 κλαπειῶς
450 2831 498 2885 pro
516 2816 653 2869 Persarum
671 2816 780 2886 imperio
797 2814 890 2868 Persas
909 2816 1052 2885 usurpavit
1087 2814 1202 2880 Quatuor
1220 2814 1394 2881 monaroMaa,

245 2912 302 2966 quus
310 2899 378 2954 Dan.
389 2916 436 2952 rn.
448 2900 533 2969 eapite
544 2899 731 2965 dasenbuntur,
742 2915 827 2971 neque
837 2906 908 2953 seete
920 2900 954 2953 ab
965 2898 1109 2971 Epiphanio
1120 2908 1271 2954 numeratas
1282 2906 1354 2965 sunt,
1368 2908 1395 2953 et

245 2982 272 3035 ad
280 2985 385 3054 Aposaat
396 2984 485 3037 locum
495 2985 570 3038 iilum
579 2984 646 3039 nihil
656 2986 763 3039 omnino
774 2985 882 3039 inuium
898 2984 966 3038 Nam
976 2984 1040 3038 haee
1051 2986 1155 3045 ioannis
1165 2988 1223 3039 uisa
1233 2986 1266 3039 ad
1276 2990 1395 3039 extrema

244 3068 323 3122 mundi
330 3077 452 3139 tempora
461 3070 616 3135 referuntur,
628 3071 723 3140 quibus
730 3088 767 3136 rr,
777 3068 828 3123 boo
836 3074 877 3124 ast
884 3070 998 3123 universi
1007 3070 1160 3135 mones,
1171 3072 1213 3124 vsi
1222 3086 1311 3125 eornm
1319 3086 1393 3143 prae-

245 3154 316 3222 ripui,
330 3156 378 3225 qui
386 3154 515 3208 hastam
526 3156 627 3225 affigsti
635 3156 752 3220 fueraut,
770 3155 851 3208 soluti
860 3155 971 3207 sinentis
982 3154 1009 3207 in
1021 3153 1128 3207 humani
1139 3157 1243 3224 generis
1253 3157 1393 3225 pernitiam

245 3241 429 3305 usnemun
446 3240 516 3292 iisse
528 3240 723 3310 simpiioissima
732 3239 783 3292 looi
793 3238 872 3292 buius
883 3239 1013 3308 expositio
1023 3245 1135 3308 quatuor
1144 3240 1202 3293 iiius
1210 3246 1309 3294 veteres
1320 3256 1393 3295 saon·

245 3324 333 3377 neusa
346 3324 477 3390 excludit,
494 3341 561 3395 quse
577 3341 612 3379 na
627 3326 703 3395 ipsas
718 3324 824 3394 quidam
839 3325 873 3377 ab
883 3322 1028 3393 Epiphanio
1040 3340 1074 3377 ex
1085 3323 1207 3378 bistonios
1217 3326 1325 3379 varan
1335 3340 1393 3397 pro·

244 3417 371 3476 minutor.
406 3409 475 3464 Nam
491 3417 521 3463 ut
533 3411 652 3463 omittam
663 3410 830 3479 Assyriorum
839 3409 955 3480 imperii,
972 3408 1041 3479 quod
1055 3408 1208 3479 iampridem
1222 3410 1394 3477 interoidarat,

245 3497 393 3549 nmtiansm
408 3494 480 3565 apud
493 3494 629 3548 Danielem
643 3494 701 3549 fieri
715 3496 827 3559 nuliam,
845 3500 915 3547 carte
930 3494 1045 3564 proximi
1060 3495 1093 3548 ab
1111 3496 1224 3565 Assyriis
1240 3496 1310 3549 Medi
1325 3504 1393 3563 sunt,

245 3578 295 3631 iuda
305 3580 454 3650 Babylonii
477 3578 632 3650 Quanquam
642 3581 778 3649 Assyrios,
791 3580 844 3633 uisi
853 3580 938 3645 iaiior,
953 3596 1007 3633 uon
1018 3586 1116 3634 veterae
1127 3581 1186 3634 ilios
1197 3582 1320 3652 intelligit
1330 3598 1393 3653 quo-

246 3679 293 3716 rum
307 3666 416 3719 ultimus
434 3664 626 3736 Sardanapalus
643 3666 676 3718 ab
688 3666 788 3718 Arbace
802 3665 911 3735 imperio
923 3670 1019 3719 exutus
1035 3671 1088 3731 est,
1105 3666 1151 3720 sed
1165 3668 1332 3738 posteriores,
1349 3671 1394 3739 qui

246 3752 349 3804 arfinoto
359 3756 447 3804 vetere
458 3752 503 3804 illo
515 3750 727 3821 amplissimoque
738 3765 819 3820 regno
832 3766 865 3803 ex
877 3751 933 3805 eius
947 3752 1030 3805 ruinis
1047 3752 1153 3805 excitati
1170 3762 1242 3819 sunt,
1258 3758 1288 3806 ut
1303 3758 1330 3807 et
1344 3754 1393 3807 Ba·

246 3832 399 3901 byloniorum
410 3836 557 3906 imperium.
582 3835 635 3888 Sed
646 3840 755 3906 utroquo
766 3834 885 3889 videntur
897 3837 1044 3907 antiquiora
1055 3836 1189 3890 Medorum
1200 3838 1285 3903 initia,
1297 3840 1320 3891 si
1332 3840 1393 3910 quid

247 3916 349 3975 Diodoro
365 3938 398 3975 ao
408 3922 521 3975 casuris
539 3921 660 3974 omuibus
674 3920 804 3975 bistorims
819 3922 939 3975 eraditur.
972 3921 1030 3985 Qus
1046 3922 1077 3975 de
1093 3938 1120 3974 re
1135 3923 1175 3975 ita
1189 3924 1280 3993 paneis
1297 3926 1393 3995 aeoipo.

247 4002 301 4057 Cum
322 4023 356 4059 ex
381 4007 501 4059 omnium
521 4006 603 4060 ferme
625 4007 780 4076 scriptorum
797 4008 935 4060 autoritate
951 4012 1053 4061 constet
1069 4012 1128 4059 ants
1145 4006 1242 4075 Oyrnm
1258 4014 1285 4061 st
1301 4010 1394 4063 Persas

246 4092 352 4144 namura
367 4091 419 4145 duo
434 4092 545 4163 imperia
558 4090 689 4156 floruisse,
704 4092 870 4160 Assyriorum
886 4090 981 4145 aNino
993 4098 1020 4144 st
1029 4090 1176 4157 Medorum,
1194 4092 1290 4163 Oyrurs
1305 4100 1392 4148 sutem

248 4172 390 4247 Olympus.
403 4192 473 4229 anno
484 4177 582 4246 ptimo,
597 4176 653 4230 sire
666 4178 785 4240 ineunte,
801 4178 856 4230 sire
871 4177 958 4247 potius
969 4176 1086 4241 labente,
1103 4177 1231 4247 eoepissa,
1248 4179 1351 4243 demus,
1366 4178 1393 4231 id

247 4260 305 4326 quod
314 4262 380 4315 anor
389 4261 618 4327 demonstrabitur,
633 4267 746 4315 exeunte
761 4278 830 4315 anno
844 4263 927 4332 primo
940 4260 1041 4330 Olymp.
1051 4278 1093 4315 ur.
1105 4260 1200 4332 Cyrum
1211 4265 1344 4331 Astyagen
1355 4264 1393 4315 si·

247 4344 315 4411 tuse,
330 4362 419 4401 mnas
435 4346 477 4399 hie
493 4347 542 4399 erit
557 4346 585 4399 in
602 4347 703 4400 iuliano
719 4346 824 4417 periodo
840 4346 931 4409 slot,
948 4352 1009 4398 unte
1025 4344 1212 4415 Dionysiauam
1228 4362 1315 4401 seram
1331 4346 1391 4403 560.

248 4429 303 4483 Ante
313 4431 382 4485 hune
393 4432 475 4501 igitur
484 4446 584 4485 mum
593 4432 757 4501 Assyriorum
764 4432 950 4500 Medorumque
958 4436 1075 4500 tempera
1083 4432 1233 4485 coilorenda
1241 4438 1315 4496 suut;
1326 4446 1393 4501 quaa

248 4515 275 4564 ob
282 4522 436 4570 uetustatem
447 4517 652 4587 scriptorumque
663 4517 851 4571 dissensionem
862 4532 953 4587 parum
971 4522 1040 4567 certa
1055 4518 1093 4569 sio
1110 4516 1251 4570 ordinanda
1261 4520 1392 4587 putamus.

248 4598 372 4655 Medorum
382 4602 521 4672 imperinm
533 4602 620 4655 Gtesia
631 4609 657 4655 et
668 4602 780 4656 Diodoro
790 4603 900 4655 testibus
913 4616 964 4655 cco
976 4600 1057 4653 ferme
1069 4618 1099 4655 uo
1111 4620 1166 4655 xvu
1178 4618 1260 4654 anuos
1273 4602 1391 4659 obtinuit

250 4683 328 4757 Coepit
340 4689 424 4758 igitur
438 4702 507 4740 anuo
522 4704 576 4757 per.
588 4688 635 4742 Iul.
647 4685 722 4743 3838.
752 4688 920 4756 Assyriorum
937 4700 1017 4755 regno
1029 4686 1100 4739 mille
1112 4702 1141 4740 ao
1153 4692 1281 4741 trecentos
1292 4689 1392 4743 circiter

250 4770 332 4825 2Beio
349 4773 502 4838 tribuimus,
521 4778 663 4842 praeeunte
677 4773 705 4826 in
722 4771 856 4826 Chroniois
871 4772 994 4825 Eusebio.
1026 4770 1200 4836 Quamobrem
1217 4773 1319 4827 initium
1335 4774 1392 4827 Beli

251 4859 359 4911 murenit
374 4874 444 4913 anno
458 4855 641 4927 peniuiisnae
652 4856 727 4911 25³9.
761 4856 801 4909 iix
817 4858 850 4910 iis
867 4870 1028 4927 consequens
1045 4864 1087 4911 est
1102 4858 1236 4914 Medorum
1252 4860 1393 4931 primordia
