<?xml version="1.0" encoding="UTF-8"?>
<!DOCTYPE html PUBLIC "-//W3C//DTD XHTML 1.0 Transitional//EN"
    "http://www.w3.org/TR/xhtml1/DTD/xhtml1-transitional.dtd">
<html xmlns="http://www.w3.org/1999/xhtml" xml:lang="en" lang="en">
 <head>
  <title>
</title>
<meta http-equiv="Content-Type" content="text/html;charset=utf-8" />
  <meta name='ocr-system' content='tesseract 3.04.00' />
  <meta name='ocr-capabilities' content='ocr_page ocr_carea ocr_par ocr_line ocrx_word'/>
</head>
<body>
  <div class='ocr_page' id='page_1' title='image "./sepiphaniiepisc00epipgoog_0274.png"; bbox 0 0 3650 5642; ppageno 0'>
   <div class='ocr_carea' id='block_1_1' title="bbox 422 612 536 671">
    <p class='ocr_par' dir='ltr' id='par_1_1' title="bbox 422 612 536 671">
     <span class='ocr_line' id='line_1_1' title="bbox 422 612 536 671; baseline 0 0"><span class='ocrx_word' id='word_1_1' title='bbox 422 612 536 671; x_wconf 81' lang='lat' dir='ltr'><strong>ccuxn</strong></span> 
     </span>
    </p>
   </div>
   <div class='ocr_carea' id='block_1_2' title="bbox 321 768 1613 4928">
    <p class='ocr_par' dir='ltr' id='par_1_2' title="bbox 321 768 1613 3821">
     <span class='ocr_line' id='line_1_2' title="bbox 321 768 1611 855; baseline 0.005 -36"><span class='ocrx_word' id='word_1_2' title='bbox 321 788 343 829; x_wconf 65' lang='lat' dir='ltr'><strong>n</strong></span> <span class='ocrx_word' id='word_1_3' title='bbox 352 776 396 821; x_wconf 73' lang='lat' dir='ltr'><strong>stt.</strong></span> <span class='ocrx_word' id='word_1_4' title='bbox 421 768 535 841; x_wconf 90' lang='lat' dir='ltr'><strong>dumque</strong></span> <span class='ocrx_word' id='word_1_5' title='bbox 545 770 751 841; x_wconf 62' lang='lat' dir='ltr'><strong>praescripserit,</strong></span> <span class='ocrx_word' id='word_1_6' title='bbox 762 786 796 824; x_wconf 90' lang='lat' dir='ltr'><strong>ne</strong></span> <span class='ocrx_word' id='word_1_7' title='bbox 806 786 877 826; x_wconf 87' lang='lat' dir='ltr'><strong>nune</strong></span> <span class='ocrx_word' id='word_1_8' title='bbox 887 770 992 842; x_wconf 87' lang='lat' dir='ltr'><strong>quidem</strong></span> <span class='ocrx_word' id='word_1_9' title='bbox 1004 770 1134 825; x_wconf 80' lang='lat' dir='ltr'><strong>celebrere</strong></span> <span class='ocrx_word' id='word_1_10' title='bbox 1145 770 1219 825; x_wconf 85' lang='lat' dir='ltr'><strong>sliter</strong></span> <span class='ocrx_word' id='word_1_11' title='bbox 1229 770 1325 825; x_wconf 86' lang='lat' dir='ltr'><strong>iicebit.</strong></span> <span class='ocrx_word' id='word_1_12' title='bbox 1343 770 1568 843; x_wconf 83' lang='lat' dir='ltr'><strong>Quippepssciset&#39;s</strong></span> <span class='ocrx_word' id='word_1_13' title='bbox 1610 790 1611 855; x_wconf 64' lang='lat' dir='ltr'><strong>q</strong></span> 
     </span>
     <span class='ocr_line' id='line_1_3' title="bbox 421 854 1569 928; baseline 0.001 -19"><span class='ocrx_word' id='word_1_14' title='bbox 421 854 482 909; x_wconf 79' lang='lat' dir='ltr'><strong>testi</strong></span> <span class='ocrx_word' id='word_1_15' title='bbox 498 855 644 909; x_wconf 71' lang='lat' dir='ltr'><strong>celebrandi</strong></span> <span class='ocrx_word' id='word_1_16' title='bbox 660 856 788 909; x_wconf 80' lang='lat' dir='ltr'><strong>rationem</strong></span> <span class='ocrx_word' id='word_1_17' title='bbox 805 857 916 910; x_wconf 78' lang='lat' dir='ltr'><strong>ecclesie</strong></span> <span class='ocrx_word' id='word_1_18' title='bbox 933 854 1061 910; x_wconf 81' lang='lat' dir='ltr'><strong>cstboiics</strong></span> <span class='ocrx_word' id='word_1_19' title='bbox 1077 872 1106 909; x_wconf 90' lang='lat' dir='ltr'><strong>ss</strong></span> <span class='ocrx_word' id='word_1_20' title='bbox 1123 856 1157 909; x_wconf 86' lang='lat' dir='ltr'><strong>eb</strong></span> <span class='ocrx_word' id='word_1_21' title='bbox 1174 858 1298 927; x_wconf 83' lang='lat' dir='ltr'><strong>sportulis</strong></span> <span class='ocrx_word' id='word_1_22' title='bbox 1314 856 1448 927; x_wconf 79' lang='lat' dir='ltr'><strong>smepisss</strong></span> <span class='ocrx_word' id='word_1_23' title='bbox 1458 862 1569 928; x_wconf 79' lang='lat' dir='ltr'><strong>perpetus</strong></span> 
     </span>
     <span class='ocr_line' id='line_1_4' title="bbox 421 940 1569 1012; baseline 0.002 -19"><span class='ocrx_word' id='word_1_24' title='bbox 421 940 541 1011; x_wconf 86' lang='lat' dir='ltr'><strong>proicsss</strong></span> <span class='ocrx_word' id='word_1_25' title='bbox 555 947 606 1004; x_wconf 88' lang='lat' dir='ltr'><strong>eet,</strong></span> <span class='ocrx_word' id='word_1_26' title='bbox 624 940 699 993; x_wconf 89' lang='lat' dir='ltr'><strong>Petro</strong></span> <span class='ocrx_word' id='word_1_27' title='bbox 716 942 845 1012; x_wconf 73' lang='lat' dir='ltr'><strong>imprimis</strong></span> <span class='ocrx_word' id='word_1_28' title='bbox 858 958 889 995; x_wconf 84' lang='lat' dir='ltr'><strong>sc</strong></span> <span class='ocrx_word' id='word_1_29' title='bbox 899 942 981 996; x_wconf 82' lang='lat' dir='ltr'><strong>Psnlo</strong></span> <span class='ocrx_word' id='word_1_30' title='bbox 993 942 1170 1012; x_wconf 75' lang='lat' dir='ltr'><strong>apostolorum</strong></span> <span class='ocrx_word' id='word_1_31' title='bbox 1180 941 1348 1012; x_wconf 84' lang='lat' dir='ltr'><strong>principibus.</strong></span> <span class='ocrx_word' id='word_1_32' title='bbox 1371 942 1466 1011; x_wconf 88' lang='lat' dir='ltr'><strong>Atqui,</strong></span> <span class='ocrx_word' id='word_1_33' title='bbox 1481 942 1505 995; x_wconf 84' lang='lat' dir='ltr'><strong>si</strong></span> <span class='ocrx_word' id='word_1_34' title='bbox 1520 941 1569 994; x_wconf 61' lang='lat' dir='ltr'><strong>sb</strong></span> 
     </span>
     <span class='ocr_line' id='line_1_5' title="bbox 421 1024 1611 1097; baseline 0.003 -19"><span class='ocrx_word' id='word_1_35' title='bbox 421 1026 532 1095; x_wconf 76' lang='lat' dir='ltr'><strong>ligerum</strong></span> <span class='ocrx_word' id='word_1_36' title='bbox 549 1024 683 1091; x_wconf 84' lang='lat' dir='ltr'><strong>eudimus,</strong></span> <span class='ocrx_word' id='word_1_37' title='bbox 699 1042 752 1079; x_wconf 88' lang='lat' dir='ltr'><strong>non</strong></span> <span class='ocrx_word' id='word_1_38' title='bbox 769 1028 855 1081; x_wconf 85' lang='lat' dir='ltr'><strong>solnm</strong></span> <span class='ocrx_word' id='word_1_39' title='bbox 871 1027 983 1097; x_wconf 69' lang='lat' dir='ltr'><strong>apostoli</strong></span> <span class='ocrx_word' id='word_1_40' title='bbox 994 1026 1098 1081; x_wconf 83' lang='lat' dir='ltr'><strong>Indsieo</strong></span> <span class='ocrx_word' id='word_1_41' title='bbox 1114 1042 1186 1080; x_wconf 90' lang='lat' dir='ltr'><strong>more</strong></span> <span class='ocrx_word' id='word_1_42' title='bbox 1202 1026 1496 1097; x_wconf 81' lang='lat' dir='ltr'><strong>etdeoimsqnsrtsdie</strong></span> <span class='ocrx_word' id='word_1_43' title='bbox 1506 1028 1570 1081; x_wconf 83' lang='lat' dir='ltr'><strong>inme</strong></span> <span class='ocrx_word' id='word_1_44' title='bbox 1610 1032 1611 1075; x_wconf 78' lang='lat' dir='ltr'><strong>t</strong></span> 
     </span>
     <span class='ocr_line' id='line_1_6' title="bbox 421 1109 1611 1181; baseline 0 -19"><span class='ocrx_word' id='word_1_45' title='bbox 421 1109 519 1181; x_wconf 85' lang='lat' dir='ltr'><strong>psschs</strong></span> <span class='ocrx_word' id='word_1_46' title='bbox 529 1116 675 1163; x_wconf 74' lang='lat' dir='ltr'><strong>constanter</strong></span> <span class='ocrx_word' id='word_1_47' title='bbox 687 1118 808 1181; x_wconf 81' lang='lat' dir='ltr'><strong>egerunt,</strong></span> <span class='ocrx_word' id='word_1_48' title='bbox 824 1128 877 1165; x_wconf 91' lang='lat' dir='ltr'><strong>non</strong></span> <span class='ocrx_word' id='word_1_49' title='bbox 892 1118 979 1165; x_wconf 83' lang='lat' dir='ltr'><strong>sutem</strong></span> <span class='ocrx_word' id='word_1_50' title='bbox 991 1112 1134 1176; x_wconf 80' lang='lat' dir='ltr'><strong>dominice,</strong></span> <span class='ocrx_word' id='word_1_51' title='bbox 1151 1112 1203 1165; x_wconf 90' lang='lat' dir='ltr'><strong>nisi</strong></span> <span class='ocrx_word' id='word_1_52' title='bbox 1219 1113 1247 1165; x_wconf 90' lang='lat' dir='ltr'><strong>iu</strong></span> <span class='ocrx_word' id='word_1_53' title='bbox 1258 1128 1311 1167; x_wconf 81' lang='lat' dir='ltr'><strong>xrs.</strong></span> <span class='ocrx_word' id='word_1_54' title='bbox 1322 1112 1461 1177; x_wconf 75' lang='lat' dir='ltr'><strong>incideret,</strong></span> <span class='ocrx_word' id='word_1_55' title='bbox 1478 1112 1522 1165; x_wconf 84' lang='lat' dir='ltr'><strong>sed</strong></span> <span class='ocrx_word' id='word_1_56' title='bbox 1536 1126 1571 1165; x_wconf 74' lang='lat' dir='ltr'><strong>ne</strong></span> <span class='ocrx_word' id='word_1_57' title='bbox 1610 1154 1611 1161; x_wconf 72' lang='grc'>,</span> 
     </span>
     <span class='ocr_line' id='line_1_7' title="bbox 423 1196 1611 1268; baseline 0.001 -18"><span class='ocrx_word' id='word_1_58' title='bbox 423 1210 473 1265; x_wconf 92' lang='lat' dir='ltr'><strong>que</strong></span> <span class='ocrx_word' id='word_1_59' title='bbox 484 1196 558 1249; x_wconf 86' lang='lat' dir='ltr'><strong>sliter</strong></span> <span class='ocrx_word' id='word_1_60' title='bbox 568 1196 751 1250; x_wconf 80' lang='lat' dir='ltr'><strong>celebrandum</strong></span> <span class='ocrx_word' id='word_1_61' title='bbox 762 1214 820 1251; x_wconf 90' lang='lat' dir='ltr'><strong>esse</strong></span> <span class='ocrx_word' id='word_1_62' title='bbox 831 1198 887 1250; x_wconf 88' lang='lat' dir='ltr'><strong>suis</strong></span> <span class='ocrx_word' id='word_1_63' title='bbox 898 1198 1013 1251; x_wconf 88' lang='lat' dir='ltr'><strong>ecclesiis</strong></span> <span class='ocrx_word' id='word_1_64' title='bbox 1022 1196 1189 1251; x_wconf 68' lang='lat' dir='ltr'><strong>tradiderunt</strong></span> <span class='ocrx_word' id='word_1_65' title='bbox 1207 1196 1274 1251; x_wconf 80' lang='lat' dir='ltr'><strong>Num</strong></span> <span class='ocrx_word' id='word_1_66' title='bbox 1286 1197 1309 1251; x_wconf 91' lang='lat' dir='ltr'><strong>si</strong></span> <span class='ocrx_word' id='word_1_67' title='bbox 1319 1196 1346 1250; x_wconf 90' lang='lat' dir='ltr'><strong>id</strong></span> <span class='ocrx_word' id='word_1_68' title='bbox 1357 1198 1483 1268; x_wconf 69' lang='lat' dir='ltr'><strong>egissem,</strong></span> <span class='ocrx_word' id='word_1_69' title='bbox 1494 1214 1571 1251; x_wconf 87' lang='lat' dir='ltr'><strong>eorum</strong></span> <span class='ocrx_word' id='word_1_70' title='bbox 1610 1206 1611 1213; x_wconf 77' lang='grc'>’</span> 
     </span>
     <span class='ocr_line' id='line_1_8' title="bbox 422 1281 1571 1355; baseline 0.003 -21"><span class='ocrx_word' id='word_1_71' title='bbox 422 1294 485 1334; x_wconf 83' lang='lat' dir='ltr'><strong>sene</strong></span> <span class='ocrx_word' id='word_1_72' title='bbox 495 1281 593 1351; x_wconf 91' lang='lat' dir='ltr'><strong>posteri</strong></span> <span class='ocrx_word' id='word_1_73' title='bbox 603 1298 657 1335; x_wconf 92' lang='lat' dir='ltr'><strong>non</strong></span> <span class='ocrx_word' id='word_1_74' title='bbox 666 1281 800 1336; x_wconf 84' lang='lat' dir='ltr'><strong>ludricnm</strong></span> <span class='ocrx_word' id='word_1_75' title='bbox 810 1283 886 1336; x_wconf 89' lang='lat' dir='ltr'><strong>ilium</strong></span> <span class='ocrx_word' id='word_1_76' title='bbox 896 1284 974 1335; x_wconf 89' lang='lat' dir='ltr'><strong>ritum</strong></span> <span class='ocrx_word' id='word_1_77' title='bbox 984 1283 1249 1353; x_wconf 74' lang='lat' dir='ltr'><strong>consuetudinemque</strong></span> <span class='ocrx_word' id='word_1_78' title='bbox 1260 1282 1415 1349; x_wconf 89' lang='lat' dir='ltr'><strong>tenuissent,</strong></span> <span class='ocrx_word' id='word_1_79' title='bbox 1427 1299 1513 1355; x_wconf 87' lang='lat' dir='ltr'><strong>neque</strong></span> <span class='ocrx_word' id='word_1_80' title='bbox 1523 1300 1571 1336; x_wconf 87' lang='lat' dir='ltr'><strong>cen·</strong></span> 
     </span>
     <span class='ocr_line' id='line_1_9' title="bbox 421 1366 1572 1438; baseline 0.002 -20"><span class='ocrx_word' id='word_1_81' title='bbox 421 1371 478 1419; x_wconf 90' lang='lat' dir='ltr'><strong>tum</strong></span> <span class='ocrx_word' id='word_1_82' title='bbox 488 1371 557 1420; x_wconf 88' lang='lat' dir='ltr'><strong>totos</strong></span> <span class='ocrx_word' id='word_1_83' title='bbox 568 1382 651 1421; x_wconf 82' lang='lat' dir='ltr'><strong>snnoe</strong></span> <span class='ocrx_word' id='word_1_84' title='bbox 663 1366 958 1438; x_wconf 79' lang='grc' dir='ltr'>Τισσαρνςκανδεκατιτῶν</span> <span class='ocrx_word' id='word_1_85' title='bbox 974 1366 1091 1423; x_wconf 83' lang='lat' dir='ltr'><strong>heeresin</strong></span> <span class='ocrx_word' id='word_1_86' title='bbox 1103 1372 1174 1422; x_wconf 89' lang='lat' dir='ltr'><strong>totns</strong></span> <span class='ocrx_word' id='word_1_87' title='bbox 1185 1366 1347 1422; x_wconf 74' lang='lat' dir='ltr'><strong>Christianus</strong></span> <span class='ocrx_word' id='word_1_88' title='bbox 1362 1368 1433 1421; x_wconf 83' lang='lat' dir='ltr'><strong>orbis</strong></span> <span class='ocrx_word' id='word_1_89' title='bbox 1449 1374 1517 1423; x_wconf 83' lang='lat' dir='ltr'><strong>esset</strong></span> <span class='ocrx_word' id='word_1_90' title='bbox 1527 1384 1572 1421; x_wconf 87' lang='lat' dir='ltr'><strong>sn·</strong></span> 
     </span>
     <span class='ocr_line' id='line_1_10' title="bbox 421 1450 1572 1524; baseline 0.003 -21"><span class='ocrx_word' id='word_1_91' title='bbox 421 1451 523 1522; x_wconf 82' lang='lat' dir='ltr'><strong>plexus.</strong></span> <span class='ocrx_word' id='word_1_92' title='bbox 556 1450 647 1523; x_wconf 85' lang='lat' dir='ltr'><strong>Neque</strong></span> <span class='ocrx_word' id='word_1_93' title='bbox 663 1453 831 1507; x_wconf 74' lang='lat' dir='ltr'><strong>condemnari</strong></span> <span class='ocrx_word' id='word_1_94' title='bbox 841 1452 879 1506; x_wconf 90' lang='lat' dir='ltr'><strong>ilii</strong></span> <span class='ocrx_word' id='word_1_95' title='bbox 891 1468 921 1505; x_wconf 89' lang='lat' dir='ltr'><strong>so</strong></span> <span class='ocrx_word' id='word_1_96' title='bbox 932 1470 979 1524; x_wconf 90' lang='lat' dir='ltr'><strong>pro</strong></span> <span class='ocrx_word' id='word_1_97' title='bbox 993 1452 1129 1507; x_wconf 86' lang='lat' dir='ltr'><strong>heereticis</strong></span> <span class='ocrx_word' id='word_1_98' title='bbox 1145 1450 1234 1507; x_wconf 79' lang='lat' dir='ltr'><strong>heberi</strong></span> <span class='ocrx_word' id='word_1_99' title='bbox 1251 1458 1402 1524; x_wconf 85' lang='lat' dir='ltr'><strong>potnerunt,</strong></span> <span class='ocrx_word' id='word_1_100' title='bbox 1420 1454 1469 1524; x_wconf 90' lang='lat' dir='ltr'><strong>qui</strong></span> <span class='ocrx_word' id='word_1_101' title='bbox 1484 1454 1510 1507; x_wconf 90' lang='lat' dir='ltr'><strong>in</strong></span> <span class='ocrx_word' id='word_1_102' title='bbox 1526 1454 1572 1507; x_wconf 86' lang='lat' dir='ltr'><strong>sius</strong></span> 
     </span>
     <span class='ocr_line' id='line_1_11' title="bbox 421 1536 1572 1611; baseline 0.001 -22"><span class='ocrx_word' id='word_1_103' title='bbox 421 1536 482 1590; x_wconf 87' lang='lat' dir='ltr'><strong>iesti</strong></span> <span class='ocrx_word' id='word_1_104' title='bbox 494 1536 679 1603; x_wconf 77' lang='lat' dir='ltr'><strong>celebretione,</strong></span> <span class='ocrx_word' id='word_1_105' title='bbox 692 1539 765 1593; x_wconf 88' lang='lat' dir='ltr'><strong>cuius</strong></span> <span class='ocrx_word' id='word_1_106' title='bbox 777 1538 940 1592; x_wconf 86' lang='lat' dir='ltr'><strong>sutoritstem</strong></span> <span class='ocrx_word' id='word_1_107' title='bbox 953 1538 1061 1593; x_wconf 88' lang='lat' dir='ltr'><strong>ecclesis</strong></span> <span class='ocrx_word' id='word_1_108' title='bbox 1073 1538 1136 1593; x_wconf 86' lang='lat' dir='ltr'><strong>sotis</strong></span> <span class='ocrx_word' id='word_1_109' title='bbox 1147 1539 1180 1593; x_wconf 83' lang='lat' dir='ltr'><strong>sb</strong></span> <span class='ocrx_word' id='word_1_110' title='bbox 1192 1539 1315 1610; x_wconf 83' lang='lat' dir='ltr'><strong>spostolie</strong></span> <span class='ocrx_word' id='word_1_111' title='bbox 1331 1539 1435 1610; x_wconf 85' lang='lat' dir='ltr'><strong>repetit,</strong></span> <span class='ocrx_word' id='word_1_112' title='bbox 1454 1538 1572 1611; x_wconf 75' lang='lat' dir='ltr'><strong>apostolo</strong></span> 
     </span>
     <span class='ocr_line' id='line_1_12' title="bbox 421 1623 1572 1695; baseline -0.001 -19"><span class='ocrx_word' id='word_1_113' title='bbox 421 1638 481 1677; x_wconf 88' lang='lat' dir='ltr'><strong>rum</strong></span> <span class='ocrx_word' id='word_1_114' title='bbox 496 1623 617 1694; x_wconf 87' lang='lat' dir='ltr'><strong>exempio</strong></span> <span class='ocrx_word' id='word_1_115' title='bbox 632 1630 709 1693; x_wconf 84' lang='lat' dir='ltr'><strong>etque</strong></span> <span class='ocrx_word' id='word_1_116' title='bbox 724 1624 869 1677; x_wconf 87' lang='lat' dir='ltr'><strong>imitstioue</strong></span> <span class='ocrx_word' id='word_1_117' title='bbox 884 1625 1036 1677; x_wconf 79' lang='lat' dir='ltr'><strong>niterentur.</strong></span> <span class='ocrx_word' id='word_1_118' title='bbox 1059 1624 1138 1695; x_wconf 83' lang='lat' dir='ltr'><strong>Atqui</strong></span> <span class='ocrx_word' id='word_1_119' title='bbox 1148 1630 1249 1678; x_wconf 83' lang='lat' dir='ltr'><strong>veteres</strong></span> <span class='ocrx_word' id='word_1_120' title='bbox 1266 1639 1357 1678; x_wconf 90' lang='lat' dir='ltr'><strong>omnes</strong></span> <span class='ocrx_word' id='word_1_121' title='bbox 1372 1630 1477 1695; x_wconf 76' lang='lat' dir='ltr'><strong>putres,</strong></span> <span class='ocrx_word' id='word_1_122' title='bbox 1494 1638 1572 1678; x_wconf 86' lang='lat' dir='ltr'><strong>omnes</strong></span> 
     </span>
     <span class='ocr_line' id='line_1_13' title="bbox 423 1707 1572 1781; baseline 0.003 -21"><span class='ocrx_word' id='word_1_123' title='bbox 423 1707 527 1777; x_wconf 71' lang='lat' dir='ltr'><strong>synodi,</strong></span> <span class='ocrx_word' id='word_1_124' title='bbox 545 1723 610 1779; x_wconf 85' lang='lat' dir='ltr'><strong>quse</strong></span> <span class='ocrx_word' id='word_1_125' title='bbox 628 1707 659 1761; x_wconf 92' lang='lat' dir='ltr'><strong>de</strong></span> <span class='ocrx_word' id='word_1_126' title='bbox 676 1709 809 1763; x_wconf 88' lang='lat' dir='ltr'><strong>communi</strong></span> <span class='ocrx_word' id='word_1_127' title='bbox 825 1714 851 1762; x_wconf 90' lang='lat' dir='ltr'><strong>et</strong></span> <span class='ocrx_word' id='word_1_128' title='bbox 865 1724 881 1760; x_wconf 87' lang='lat' dir='ltr'><strong>s</strong></span> <span class='ocrx_word' id='word_1_129' title='bbox 897 1708 1022 1763; x_wconf 73' lang='lat' dir='ltr'><strong>Romanis</strong></span> <span class='ocrx_word' id='word_1_130' title='bbox 1038 1710 1190 1781; x_wconf 83' lang='lat' dir='ltr'><strong>pressertim</strong></span> <span class='ocrx_word' id='word_1_131' title='bbox 1206 1716 1284 1779; x_wconf 80' lang='lat' dir='ltr'><strong>utque</strong></span> <span class='ocrx_word' id='word_1_132' title='bbox 1295 1708 1499 1763; x_wconf 81' lang='lat' dir='ltr'><strong>occidentetibns</strong></span> <span class='ocrx_word' id='word_1_133' title='bbox 1511 1724 1572 1762; x_wconf 81' lang='lat' dir='ltr'><strong>usur·</strong></span> 
     </span>
     <span class='ocr_line' id='line_1_14' title="bbox 421 1792 1572 1865; baseline -0.001 -19"><span class='ocrx_word' id='word_1_134' title='bbox 421 1800 484 1861; x_wconf 83' lang='lat' dir='ltr'><strong>peto</strong></span> <span class='ocrx_word' id='word_1_135' title='bbox 495 1792 628 1863; x_wconf 82' lang='lat' dir='ltr'><strong>peschstis</strong></span> <span class='ocrx_word' id='word_1_136' title='bbox 638 1792 689 1847; x_wconf 89' lang='lat' dir='ltr'><strong>ritu</strong></span> <span class='ocrx_word' id='word_1_137' title='bbox 701 1794 888 1859; x_wconf 89' lang='lat' dir='ltr'><strong>meminerunt,</strong></span> <span class='ocrx_word' id='word_1_138' title='bbox 904 1800 950 1847; x_wconf 87' lang='lat' dir='ltr'><strong>unt</strong></span> <span class='ocrx_word' id='word_1_139' title='bbox 966 1794 1096 1848; x_wconf 88' lang='lat' dir='ltr'><strong>decretum</strong></span> <span class='ocrx_word' id='word_1_140' title='bbox 1114 1794 1218 1865; x_wconf 89' lang='lat' dir='ltr'><strong>sliquod</strong></span> <span class='ocrx_word' id='word_1_141' title='bbox 1230 1794 1375 1860; x_wconf 88' lang='lat' dir='ltr'><strong>ediderunt,</strong></span> <span class='ocrx_word' id='word_1_142' title='bbox 1392 1811 1445 1849; x_wconf 89' lang='lat' dir='ltr'><strong>uno</strong></span> <span class='ocrx_word' id='word_1_143' title='bbox 1464 1810 1572 1864; x_wconf 83' lang='lat' dir='ltr'><strong>ursprc-</strong></span> 
     </span>
     <span class='ocr_line' id='line_1_15' title="bbox 422 1876 1573 1951; baseline 0.002 -20"><span class='ocrx_word' id='word_1_144' title='bbox 422 1876 536 1943; x_wconf 80' lang='lat' dir='ltr'><strong>fitentur,</strong></span> <span class='ocrx_word' id='word_1_145' title='bbox 551 1876 617 1931; x_wconf 81' lang='lat' dir='ltr'><strong>bunc</strong></span> <span class='ocrx_word' id='word_1_146' title='bbox 633 1878 667 1931; x_wconf 85' lang='lat' dir='ltr'><strong>sb</strong></span> <span class='ocrx_word' id='word_1_147' title='bbox 679 1878 803 1949; x_wconf 79' lang='lat' dir='ltr'><strong>sposteiis</strong></span> <span class='ocrx_word' id='word_1_148' title='bbox 814 1879 1028 1935; x_wconf 90' lang='lat' dir='ltr'><strong>consuetudinem</strong></span> <span class='ocrx_word' id='word_1_149' title='bbox 1040 1880 1156 1933; x_wconf 85' lang='lat' dir='ltr'><strong>ecclesiis</strong></span> <span class='ocrx_word' id='word_1_150' title='bbox 1167 1878 1247 1934; x_wconf 84' lang='lat' dir='ltr'><strong>inisse</strong></span> <span class='ocrx_word' id='word_1_151' title='bbox 1258 1879 1393 1944; x_wconf 71' lang='lat' dir='ltr'><strong>trudimur,</strong></span> <span class='ocrx_word' id='word_1_152' title='bbox 1409 1896 1495 1951; x_wconf 88' lang='lat' dir='ltr'><strong>neque</strong></span> <span class='ocrx_word' id='word_1_153' title='bbox 1510 1880 1573 1933; x_wconf 75' lang='lat' dir='ltr'><strong>stru</strong></span> 
     </span>
     <span class='ocr_line' id='line_1_16' title="bbox 423 1963 1573 2036; baseline -0.001 -19"><span class='ocrx_word' id='word_1_154' title='bbox 423 1980 457 2017; x_wconf 81' lang='lat' dir='ltr'><strong>ex</strong></span> <span class='ocrx_word' id='word_1_155' title='bbox 467 1964 571 2017; x_wconf 86' lang='lat' dir='ltr'><strong>illorum</strong></span> <span class='ocrx_word' id='word_1_156' title='bbox 582 1964 728 2029; x_wconf 82' lang='lat' dir='ltr'><strong>sutoritste‚</strong></span> <span class='ocrx_word' id='word_1_157' title='bbox 741 1980 820 2034; x_wconf 87' lang='lat' dir='ltr'><strong>quem</strong></span> <span class='ocrx_word' id='word_1_158' title='bbox 832 1964 963 2018; x_wconf 85' lang='lat' dir='ltr'><strong>dominice</strong></span> <span class='ocrx_word' id='word_1_159' title='bbox 972 1964 1021 2029; x_wconf 88' lang='lat' dir='ltr'><strong>die,</strong></span> <span class='ocrx_word' id='word_1_160' title='bbox 1032 1964 1110 2035; x_wconf 89' lang='lat' dir='ltr'><strong>idque</strong></span> <span class='ocrx_word' id='word_1_161' title='bbox 1121 1963 1180 2036; x_wconf 90' lang='lat' dir='ltr'><strong>p&#39;ost</strong></span> <span class='ocrx_word' id='word_1_162' title='bbox 1191 1966 1280 2019; x_wconf 88' lang='lat' dir='ltr'><strong>lunsm</strong></span> <span class='ocrx_word' id='word_1_163' title='bbox 1291 1982 1353 2030; x_wconf 79' lang='lat' dir='ltr'><strong>xrs,</strong></span> <span class='ocrx_word' id='word_1_164' title='bbox 1364 1971 1391 2019; x_wconf 90' lang='lat' dir='ltr'><strong>et</strong></span> <span class='ocrx_word' id='word_1_165' title='bbox 1401 1971 1431 2019; x_wconf 96' lang='lat' dir='ltr'><strong>nt</strong></span> <span class='ocrx_word' id='word_1_166' title='bbox 1441 1982 1496 2019; x_wconf 91' lang='lat' dir='ltr'><strong>uno</strong></span> <span class='ocrx_word' id='word_1_167' title='bbox 1504 1964 1573 2017; x_wconf 80' lang='lat' dir='ltr'><strong>serbo</strong></span> 
     </span>
     <span class='ocr_line' id='line_1_17' title="bbox 423 2048 1572 2121; baseline 0 -20"><span class='ocrx_word' id='word_1_168' title='bbox 423 2049 518 2111; x_wconf 83' lang='lat' dir='ltr'><strong>dicum,</strong></span> <span class='ocrx_word' id='word_1_169' title='bbox 530 2048 582 2101; x_wconf 87' lang='lat' dir='ltr'><strong>siin</strong></span> <span class='ocrx_word' id='word_1_170' title='bbox 593 2064 673 2119; x_wconf 83' lang='lat' dir='ltr'><strong>quem</strong></span> <span class='ocrx_word' id='word_1_171' title='bbox 685 2050 719 2101; x_wconf 84' lang='lat' dir='ltr'><strong>sb</strong></span> <span class='ocrx_word' id='word_1_172' title='bbox 730 2048 832 2102; x_wconf 86' lang='lat' dir='ltr'><strong>iudseis</strong></span> <span class='ocrx_word' id='word_1_173' title='bbox 843 2050 986 2103; x_wconf 72' lang='lat' dir='ltr'><strong>instituitur</strong></span> <span class='ocrx_word' id='word_1_174' title='bbox 995 2066 1066 2105; x_wconf 88' lang='lat' dir='ltr'><strong>more</strong></span> <span class='ocrx_word' id='word_1_175' title='bbox 1078 2066 1108 2103; x_wconf 86' lang='lat' dir='ltr'><strong>sc</strong></span> <span class='ocrx_word' id='word_1_176' title='bbox 1119 2056 1234 2121; x_wconf 85' lang='lat' dir='ltr'><strong>tempore</strong></span> <span class='ocrx_word' id='word_1_177' title='bbox 1245 2050 1429 2105; x_wconf 81' lang='lat' dir='ltr'><strong>celebrsndnm</strong></span> <span class='ocrx_word' id='word_1_178' title='bbox 1441 2066 1507 2111; x_wconf 76' lang='lat' dir='ltr'><strong>sess,</strong></span> <span class='ocrx_word' id='word_1_179' title='bbox 1523 2048 1572 2103; x_wconf 73' lang='lat' dir='ltr'><strong>Ate</strong></span> 
     </span>
     <span class='ocr_line' id='line_1_18' title="bbox 421 2110 1612 2206; baseline 0 -19"><span class='ocrx_word' id='word_1_180' title='bbox 421 2134 479 2187; x_wconf 90' lang='lat' dir='ltr'><strong>nim</strong></span> <span class='ocrx_word' id='word_1_181' title='bbox 488 2132 619 2187; x_wconf 80' lang='lat' dir='ltr'><strong>Nicsenus</strong></span> <span class='ocrx_word' id='word_1_182' title='bbox 629 2132 673 2187; x_wconf 89' lang='lat' dir='ltr'><strong>iile</strong></span> <span class='ocrx_word' id='word_1_183' title='bbox 690 2150 841 2199; x_wconf 86' lang='lat' dir='ltr'><strong>consessus,</strong></span> <span class='ocrx_word' id='word_1_184' title='bbox 859 2136 904 2205; x_wconf 89' lang='lat' dir='ltr'><strong>qni</strong></span> <span class='ocrx_word' id='word_1_185' title='bbox 919 2134 951 2189; x_wconf 86' lang='lat' dir='ltr'><strong>de</strong></span> <span class='ocrx_word' id='word_1_186' title='bbox 968 2134 1090 2206; x_wconf 86' lang='lat' dir='ltr'><strong>pescbste</strong></span> <span class='ocrx_word' id='word_1_187' title='bbox 1106 2136 1266 2189; x_wconf 79' lang='lat' dir='ltr'><strong>eructionem</strong></span> <span class='ocrx_word' id='word_1_188' title='bbox 1282 2134 1372 2200; x_wconf 84' lang='lat' dir='ltr'><strong>edidit,</strong></span> <span class='ocrx_word' id='word_1_189' title='bbox 1388 2135 1452 2206; x_wconf 88' lang='lat' dir='ltr'><strong>quid</strong></span> <span class='ocrx_word' id='word_1_190' title='bbox 1469 2134 1501 2189; x_wconf 89' lang='lat' dir='ltr'><strong>de</strong></span> <span class='ocrx_word' id='word_1_191' title='bbox 1516 2135 1571 2187; x_wconf 85' lang='lat' dir='ltr'><strong>ritus</strong></span> <span class='ocrx_word' id='word_1_192' title='bbox 1611 2110 1612 2203; x_wconf 66' lang='lat' dir='ltr'><strong>i</strong></span> 
     </span>
     <span class='ocr_line' id='line_1_19' title="bbox 421 2218 1572 2291; baseline -0.002 -18"><span class='ocrx_word' id='word_1_193' title='bbox 421 2219 491 2273; x_wconf 87' lang='lat' dir='ltr'><strong>illins</strong></span> <span class='ocrx_word' id='word_1_194' title='bbox 500 2224 627 2273; x_wconf 82' lang='lat' dir='ltr'><strong>retnstste</strong></span> <span class='ocrx_word' id='word_1_195' title='bbox 636 2219 753 2283; x_wconf 89' lang='lat' dir='ltr'><strong>senserit,</strong></span> <span class='ocrx_word' id='word_1_196' title='bbox 764 2235 799 2272; x_wconf 85' lang='lat' dir='ltr'><strong>ex</strong></span> <span class='ocrx_word' id='word_1_197' title='bbox 808 2219 972 2273; x_wconf 74' lang='lat' dir='ltr'><strong>constentini</strong></span> <span class='ocrx_word' id='word_1_198' title='bbox 980 2220 1016 2273; x_wconf 75' lang='lat' dir='ltr'><strong>id</strong></span> <span class='ocrx_word' id='word_1_199' title='bbox 1025 2220 1135 2291; x_wconf 80' lang='lat' dir='ltr'><strong>epistole</strong></span> <span class='ocrx_word' id='word_1_200' title='bbox 1146 2220 1239 2274; x_wconf 88' lang='lat' dir='ltr'><strong>coniici</strong></span> <span class='ocrx_word' id='word_1_201' title='bbox 1250 2227 1342 2291; x_wconf 91' lang='lat' dir='ltr'><strong>potest,</strong></span> <span class='ocrx_word' id='word_1_202' title='bbox 1354 2236 1434 2290; x_wconf 89' lang='lat' dir='ltr'><strong>qnsm</strong></span> <span class='ocrx_word' id='word_1_203' title='bbox 1445 2236 1480 2274; x_wconf 80' lang='lat' dir='ltr'><strong>ex</strong></span> <span class='ocrx_word' id='word_1_204' title='bbox 1492 2218 1572 2275; x_wconf 81' lang='lat' dir='ltr'><strong>sodon</strong></span> 
     </span>
     <span class='ocr_line' id='line_1_20' title="bbox 422 2303 1612 2375; baseline -0.001 -19"><span class='ocrx_word' id='word_1_205' title='bbox 422 2304 532 2358; x_wconf 86' lang='lat' dir='ltr'><strong>concilio</strong></span> <span class='ocrx_word' id='word_1_206' title='bbox 543 2304 656 2375; x_wconf 88' lang='lat' dir='ltr'><strong>scripsit.</strong></span> <span class='ocrx_word' id='word_1_207' title='bbox 677 2304 766 2358; x_wconf 82' lang='lat' dir='ltr'><strong>iteiert</strong></span> <span class='ocrx_word' id='word_1_208' title='bbox 776 2305 848 2359; x_wconf 79' lang='lat' dir='ltr'><strong>ilium</strong></span> <span class='ocrx_word' id='word_1_209' title='bbox 859 2304 989 2359; x_wconf 84' lang='lat' dir='ltr'><strong>Eusebius</strong></span> <span class='ocrx_word' id='word_1_210' title='bbox 1001 2306 1044 2361; x_wconf 86' lang='lat' dir='ltr'><strong>tib.</strong></span> <span class='ocrx_word' id='word_1_211' title='bbox 1054 2322 1093 2360; x_wconf 80' lang='lat' dir='ltr'><strong>nt.</strong></span> <span class='ocrx_word' id='word_1_212' title='bbox 1107 2304 1138 2359; x_wconf 90' lang='lat' dir='ltr'><strong>de</strong></span> <span class='ocrx_word' id='word_1_213' title='bbox 1150 2304 1210 2359; x_wconf 89' lang='lat' dir='ltr'><strong>Vits</strong></span> <span class='ocrx_word' id='word_1_214' title='bbox 1222 2304 1397 2371; x_wconf 84' lang='lat' dir='ltr'><strong>Constsntini,</strong></span> <span class='ocrx_word' id='word_1_215' title='bbox 1409 2312 1436 2359; x_wconf 89' lang='lat' dir='ltr'><strong>et</strong></span> <span class='ocrx_word' id='word_1_216' title='bbox 1447 2322 1481 2360; x_wconf 83' lang='lat' dir='ltr'><strong>ex</strong></span> <span class='ocrx_word' id='word_1_217' title='bbox 1493 2322 1523 2359; x_wconf 86' lang='lat' dir='ltr'><strong>eo</strong></span> <span class='ocrx_word' id='word_1_218' title='bbox 1532 2303 1572 2357; x_wconf 82' lang='grc' dir='ltr'><strong>8ο-</strong></span> <span class='ocrx_word' id='word_1_219' title='bbox 1611 2340 1612 2355; x_wconf 60' lang='lat'>2</span> 
     </span>
     <span class='ocr_line' id='line_1_21' title="bbox 422 2388 1571 2463; baseline 0.001 -21"><span class='ocrx_word' id='word_1_220' title='bbox 422 2394 519 2453; x_wconf 76' lang='lat' dir='ltr'><strong>cretes,</strong></span> <span class='ocrx_word' id='word_1_221' title='bbox 535 2388 713 2443; x_wconf 77' lang='lat' dir='ltr'><strong>Theodosetus</strong></span> <span class='ocrx_word' id='word_1_222' title='bbox 729 2396 755 2443; x_wconf 92' lang='lat' dir='ltr'><strong>et</strong></span> <span class='ocrx_word' id='word_1_223' title='bbox 766 2389 819 2445; x_wconf 81' lang='lat' dir='ltr'><strong>elii.</strong></span> <span class='ocrx_word' id='word_1_224' title='bbox 854 2390 885 2445; x_wconf 90' lang='lat' dir='ltr'><strong>ln</strong></span> <span class='ocrx_word' id='word_1_225' title='bbox 896 2406 949 2461; x_wconf 86' lang='lat' dir='ltr'><strong>qus</strong></span> <span class='ocrx_word' id='word_1_226' title='bbox 960 2406 1018 2445; x_wconf 87' lang='lat' dir='ltr'><strong>cum</strong></span> <span class='ocrx_word' id='word_1_227' title='bbox 1031 2391 1057 2445; x_wconf 93' lang='lat' dir='ltr'><strong>in</strong></span> <span class='ocrx_word' id='word_1_228' title='bbox 1070 2390 1179 2445; x_wconf 79' lang='lat' dir='ltr'><strong>Iudaeos</strong></span> <span class='ocrx_word' id='word_1_229' title='bbox 1191 2406 1221 2444; x_wconf 85' lang='lat' dir='ltr'><strong>se</strong></span> <span class='ocrx_word' id='word_1_230' title='bbox 1232 2390 1329 2445; x_wconf 86' lang='lat' dir='ltr'><strong>iudsici</strong></span> <span class='ocrx_word' id='word_1_231' title='bbox 1340 2390 1473 2463; x_wconf 73' lang='lat' dir='ltr'><strong>paschatis</strong></span> <span class='ocrx_word' id='word_1_232' title='bbox 1483 2404 1571 2445; x_wconf 88' lang='lat' dir='ltr'><strong>morem</strong></span> 
     </span>
     <span class='ocr_line' id='line_1_22' title="bbox 422 2472 1572 2546; baseline 0.002 -19"><span class='ocrx_word' id='word_1_233' title='bbox 422 2474 508 2529; x_wconf 85' lang='lat' dir='ltr'><strong>scrius</strong></span> <span class='ocrx_word' id='word_1_234' title='bbox 524 2480 595 2529; x_wconf 88' lang='lat' dir='ltr'><strong>esset</strong></span> <span class='ocrx_word' id='word_1_235' title='bbox 610 2474 740 2541; x_wconf 85' lang='lat' dir='ltr'><strong>invectus,</strong></span> <span class='ocrx_word' id='word_1_236' title='bbox 758 2476 810 2529; x_wconf 80' lang='lat' dir='ltr'><strong>ists</strong></span> <span class='ocrx_word' id='word_1_237' title='bbox 826 2475 941 2529; x_wconf 85' lang='lat' dir='ltr'><strong>subiicit:</strong></span> <span class='ocrx_word' id='word_1_238' title='bbox 977 2472 1074 2537; x_wconf 77' lang='grc' dir='ltr'>Ἔξεστι</span> <span class='ocrx_word' id='word_1_239' title='bbox 1086 2474 1133 2546; x_wconf 73' lang='grc' dir='ltr'><strong>γὰρ</strong></span> <span class='ocrx_word' id='word_1_240' title='bbox 1147 2480 1190 2529; x_wconf 81' lang='grc' dir='ltr'><strong>τοῦ</strong></span> <span class='ocrx_word' id='word_1_241' title='bbox 1201 2473 1297 2529; x_wconf 71' lang='grc' dir='ltr'>ἐκείνων</span> <span class='ocrx_word' id='word_1_242' title='bbox 1309 2472 1391 2537; x_wconf 66' lang='lat' dir='ltr'><strong>umus</strong></span> <span class='ocrx_word' id='word_1_243' title='bbox 1402 2474 1572 2545; x_wconf 60' lang='lat' dir='ltr'><strong>bendictione</strong></span> 
     </span>
     <span class='ocr_line' id='line_1_23' title="bbox 422 2556 1572 2633; baseline 0.002 -22"><span class='ocrx_word' id='word_1_244' title='bbox 422 2557 571 2630; x_wconf 75' lang='grc' dir='ltr'>ἁληθτοτόρρ</span> <span class='ocrx_word' id='word_1_245' title='bbox 582 2557 658 2627; x_wconf 76' lang='grc' dir='ltr'>τάξει,</span> <span class='ocrx_word' id='word_1_246' title='bbox 669 2559 700 2625; x_wconf 68' lang='grc' dir='ltr'>ἣν</span> <span class='ocrx_word' id='word_1_247' title='bbox 710 2557 738 2611; x_wconf 76' lang='lat' dir='ltr'><strong>ix</strong></span> <span class='ocrx_word' id='word_1_248' title='bbox 749 2559 847 2628; x_wconf 78' lang='grc' dir='ltr'>πρώτης</span> <span class='ocrx_word' id='word_1_249' title='bbox 859 2564 904 2611; x_wconf 74' lang='grc' dir='ltr'><strong>τοῦ</strong></span> <span class='ocrx_word' id='word_1_250' title='bbox 916 2558 1007 2621; x_wconf 80' lang='grc' dir='ltr'>πόθους</span> <span class='ocrx_word' id='word_1_251' title='bbox 1018 2559 1110 2632; x_wconf 74' lang='grc' dir='ltr'>ημόρας</span> <span class='ocrx_word' id='word_1_252' title='bbox 1122 2556 1180 2631; x_wconf 76' lang='grc' dir='ltr'>ἄχρι</span> <span class='ocrx_word' id='word_1_253' title='bbox 1192 2560 1232 2613; x_wconf 73' lang='lat' dir='ltr'><strong>sui</strong></span> <span class='ocrx_word' id='word_1_254' title='bbox 1243 2565 1286 2613; x_wconf 80' lang='grc' dir='ltr'><strong>τοῦ</strong></span> <span class='ocrx_word' id='word_1_255' title='bbox 1299 2562 1420 2633; x_wconf 73' lang='grc' dir='ltr'><strong>παρόντος</strong></span> <span class='ocrx_word' id='word_1_256' title='bbox 1432 2558 1572 2630; x_wconf 65' lang='lat' dir='ltr'><strong>lecticaque</strong></span> 
     </span>
     <span class='ocr_line' id='line_1_24' title="bbox 423 2642 1572 2717; baseline 0.003 -21"><span class='ocrx_word' id='word_1_257' title='bbox 423 2644 463 2696; x_wconf 77' lang='grc' dir='ltr'><strong>καὶ</strong></span> <span class='ocrx_word' id='word_1_258' title='bbox 474 2642 514 2697; x_wconf 77' lang='lat' dir='ltr'><strong>isti</strong></span> <span class='ocrx_word' id='word_1_259' title='bbox 524 2644 582 2705; x_wconf 78' lang='grc' dir='ltr'>τοὺς</span> <span class='ocrx_word' id='word_1_260' title='bbox 594 2642 729 2714; x_wconf 64' lang='grc' dir='ltr'>μέλλοντας</span> <span class='ocrx_word' id='word_1_261' title='bbox 747 2642 837 2705; x_wconf 75' lang='grc' dir='ltr'>αἰῶνας</span> <span class='ocrx_word' id='word_1_262' title='bbox 854 2644 897 2712; x_wconf 76' lang='grc' dir='ltr'>τὴν</span> <span class='ocrx_word' id='word_1_263' title='bbox 915 2649 958 2713; x_wconf 82' lang='grc' dir='ltr'>τῆς</span> <span class='ocrx_word' id='word_1_264' title='bbox 970 2643 1128 2716; x_wconf 76' lang='grc' dir='ltr'>όπιτηρθοεως</span> <span class='ocrx_word' id='word_1_265' title='bbox 1140 2646 1229 2712; x_wconf 78' lang='grc' dir='ltr'>ταύτης</span> <span class='ocrx_word' id='word_1_266' title='bbox 1241 2645 1416 2717; x_wconf 64' lang='grc' dir='ltr'>συμπλήρωσιν</span> <span class='ocrx_word' id='word_1_267' title='bbox 1433 2644 1572 2699; x_wconf 66' lang='lat' dir='ltr'><strong>tacimus</strong></span> 
     </span>
     <span class='ocr_line' id='line_1_25' title="bbox 422 2724 1572 2802; baseline 0.001 -20"><span class='ocrx_word' id='word_1_268' title='bbox 422 2727 505 2795; x_wconf 72' lang='grc' dir='ltr'>Μηδὲν</span> <span class='ocrx_word' id='word_1_269' title='bbox 523 2728 601 2781; x_wconf 72' lang='grc' dir='ltr'>τοίνυν</span> <span class='ocrx_word' id='word_1_270' title='bbox 618 2724 681 2781; x_wconf 82' lang='grc' dir='ltr'>ἔστω</span> <span class='ocrx_word' id='word_1_271' title='bbox 697 2727 756 2798; x_wconf 75' lang='grc' dir='ltr'>ἡμῖν</span> <span class='ocrx_word' id='word_1_272' title='bbox 773 2730 854 2781; x_wconf 68' lang='grc' dir='ltr'>κοινὸν</span> <span class='ocrx_word' id='word_1_273' title='bbox 866 2726 928 2800; x_wconf 71' lang='grc' dir='ltr'>μετὰ</span> <span class='ocrx_word' id='word_1_274' title='bbox 939 2734 982 2783; x_wconf 83' lang='grc' dir='ltr'><strong>τοῦ</strong></span> <span class='ocrx_word' id='word_1_275' title='bbox 995 2728 1108 2801; x_wconf 74' lang='grc' dir='ltr'>ἐχθόοτου</span> <span class='ocrx_word' id='word_1_276' title='bbox 1120 2734 1170 2783; x_wconf 83' lang='grc' dir='ltr'>τῶν</span> <span class='ocrx_word' id='word_1_277' title='bbox 1182 2727 1308 2783; x_wconf 78' lang='grc' dir='ltr'>Ἰουδαίων</span> <span class='ocrx_word' id='word_1_278' title='bbox 1320 2725 1407 2802; x_wconf 80' lang='grc' dir='ltr'>ὄχλου.</span> <span class='ocrx_word' id='word_1_279' title='bbox 1443 2728 1572 2801; x_wconf 65' lang='lat' dir='ltr'><strong>euterpe</strong></span> 
     </span>
     <span class='ocr_line' id='line_1_26' title="bbox 423 2812 1572 2887; baseline 0 -22"><span class='ocrx_word' id='word_1_280' title='bbox 423 2812 470 2884; x_wconf 75' lang='grc' dir='ltr'><strong>γὰρ</strong></span> <span class='ocrx_word' id='word_1_281' title='bbox 488 2812 555 2884; x_wconf 78' lang='grc' dir='ltr'>παρὰ</span> <span class='ocrx_word' id='word_1_282' title='bbox 571 2818 615 2866; x_wconf 80' lang='grc' dir='ltr'><strong>τοῦ</strong></span> <span class='ocrx_word' id='word_1_283' title='bbox 633 2812 748 2883; x_wconf 74' lang='grc' dir='ltr'>Σωτῆρος</span> <span class='ocrx_word' id='word_1_284' title='bbox 767 2812 825 2865; x_wconf 81' lang='lat' dir='ltr'><strong>bb&#39;ov</strong></span> <span class='ocrx_word' id='word_1_285' title='bbox 843 2812 934 2885; x_wconf 80' lang='lat' dir='ltr'><strong>tripes.</strong></span> <span class='ocrx_word' id='word_1_286' title='bbox 972 2815 1045 2869; x_wconf 83' lang='lat' dir='ltr'><strong>Licet</strong></span> <span class='ocrx_word' id='word_1_287' title='bbox 1055 2820 1119 2869; x_wconf 77' lang='lat' dir='ltr'><strong>ersim</strong></span> <span class='ocrx_word' id='word_1_288' title='bbox 1131 2818 1230 2870; x_wconf 78' lang='lat' dir='ltr'><strong>iliorum</strong></span> <span class='ocrx_word' id='word_1_289' title='bbox 1241 2825 1314 2885; x_wconf 73' lang='lat' dir='ltr'><strong>pente</strong></span> <span class='ocrx_word' id='word_1_290' title='bbox 1325 2818 1477 2887; x_wconf 77' lang='lat' dir='ltr'><strong>repudiato,</strong></span> <span class='ocrx_word' id='word_1_291' title='bbox 1488 2818 1572 2869; x_wconf 70' lang='lat' dir='ltr'><strong>seriore¹</strong></span> 
     </span>
     <span class='ocr_line' id='line_1_27' title="bbox 422 2900 1572 2971; baseline 0 -20"><span class='ocrx_word' id='word_1_292' title='bbox 422 2900 511 2951; x_wconf 83' lang='lat' dir='ltr'><strong>ordine</strong></span> <span class='ocrx_word' id='word_1_293' title='bbox 523 2916 592 2969; x_wconf 75' lang='lat' dir='ltr'><strong>quem</strong></span> <span class='ocrx_word' id='word_1_294' title='bbox 605 2918 622 2951; x_wconf 86' lang='lat' dir='ltr'><strong>o</strong></span> <span class='ocrx_word' id='word_1_295' title='bbox 629 2902 716 2967; x_wconf 80' lang='lat' dir='ltr'><strong>primo</strong></span> <span class='ocrx_word' id='word_1_296' title='bbox 728 2900 770 2952; x_wconf 82' lang='lat' dir='ltr'><strong>die</strong></span> <span class='ocrx_word' id='word_1_297' title='bbox 777 2902 957 2969; x_wconf 69' lang='lat' dir='ltr'><strong>poesioree&#39;sod</strong></span> <span class='ocrx_word' id='word_1_298' title='bbox 967 2900 1014 2953; x_wconf 88' lang='lat' dir='ltr'><strong>boc</strong></span> <span class='ocrx_word' id='word_1_299' title='bbox 1025 2919 1100 2971; x_wconf 84' lang='lat' dir='ltr'><strong>usque</strong></span> <span class='ocrx_word' id='word_1_300' title='bbox 1116 2911 1210 2971; x_wconf 83' lang='lat' dir='ltr'><strong>tempus</strong></span> <span class='ocrx_word' id='word_1_301' title='bbox 1225 2906 1357 2964; x_wconf 80' lang='lat' dir='ltr'><strong>tenuimus,</strong></span> <span class='ocrx_word' id='word_1_302' title='bbox 1375 2903 1510 2970; x_wconf 68' lang='lat' dir='ltr'><strong>adsumo</strong></span> <span class='ocrx_word' id='word_1_303' title='bbox 1524 2916 1572 2951; x_wconf 77' lang='lat' dir='ltr'><strong>sec</strong></span> 
     </span>
     <span class='ocr_line' id='line_1_28' title="bbox 424 2982 1571 3055; baseline 0.002 -20"><span class='ocrx_word' id='word_1_304' title='bbox 424 2985 483 3036; x_wconf 75' lang='lat' dir='ltr'><strong>cuia</strong></span> <span class='ocrx_word' id='word_1_305' title='bbox 494 2984 677 3037; x_wconf 77' lang='lat' dir='ltr'><strong>observationis</strong></span> <span class='ocrx_word' id='word_1_306' title='bbox 693 2984 762 3036; x_wconf 79' lang='lat' dir='ltr'><strong>iliius</strong></span> <span class='ocrx_word' id='word_1_307' title='bbox 766 2986 924 3053; x_wconf 79' lang='lat' dir='ltr'><strong>functionem</strong></span> <span class='ocrx_word' id='word_1_308' title='bbox 939 2987 1089 3055; x_wconf 81' lang='lat' dir='ltr'><strong>perducere.</strong></span> <span class='ocrx_word' id='word_1_309' title='bbox 1127 2982 1292 3048; x_wconf 78' lang='lat' dir='ltr'><strong>Quamobrem</strong></span> <span class='ocrx_word' id='word_1_310' title='bbox 1310 2986 1376 3037; x_wconf 67' lang='lat' dir='ltr'><strong>stibii</strong></span> <span class='ocrx_word' id='word_1_311' title='bbox 1389 2992 1423 3039; x_wconf 84' lang='lat' dir='ltr'><strong>eit</strong></span> <span class='ocrx_word' id='word_1_312' title='bbox 1441 2986 1509 3039; x_wconf 80' lang='lat' dir='ltr'><strong>nobis</strong></span> <span class='ocrx_word' id='word_1_313' title='bbox 1525 3002 1571 3037; x_wconf 77' lang='lat' dir='ltr'><strong>css</strong></span> 
     </span>
     <span class='ocr_line' id='line_1_29' title="bbox 423 3068 1572 3125; baseline -0.003 -2"><span class='ocrx_word' id='word_1_314' title='bbox 423 3070 581 3123; x_wconf 74' lang='lat' dir='ltr'><strong>odiosissime</strong></span> <span class='ocrx_word' id='word_1_315' title='bbox 593 3068 745 3123; x_wconf 80' lang='lat' dir='ltr'><strong>Iudaeorum</strong></span> <span class='ocrx_word' id='word_1_316' title='bbox 758 3068 833 3122; x_wconf 80' lang='lat' dir='ltr'><strong>tecrbn</strong></span> <span class='ocrx_word' id='word_1_317' title='bbox 845 3087 977 3123; x_wconf 75' lang='lat' dir='ltr'><strong>commune.</strong></span> <span class='ocrx_word' id='word_1_318' title='bbox 1009 3070 1066 3123; x_wconf 87' lang='lat' dir='ltr'><strong>Nos</strong></span> <span class='ocrx_word' id='word_1_319' title='bbox 1077 3076 1141 3124; x_wconf 80' lang='lat' dir='ltr'><strong>euim</strong></span> <span class='ocrx_word' id='word_1_320' title='bbox 1154 3073 1233 3125; x_wconf 83' lang='lat' dir='ltr'><strong>oiiass</strong></span> <span class='ocrx_word' id='word_1_321' title='bbox 1246 3074 1313 3125; x_wconf 82' lang='grc' dir='ltr'>ονάννι</span> <span class='ocrx_word' id='word_1_322' title='bbox 1325 3090 1343 3125; x_wconf 85' lang='grc' dir='ltr'>α</span> <span class='ocrx_word' id='word_1_323' title='bbox 1354 3068 1489 3124; x_wconf 64' lang='lat' dir='ltr'><strong>&amp;tectore</strong></span> <span class='ocrx_word' id='word_1_324' title='bbox 1499 3070 1572 3122; x_wconf 79' lang='lat' dir='ltr'><strong>tradi·</strong></span> 
     </span>
     <span class='ocr_line' id='line_1_30' title="bbox 423 3143 1613 3229; baseline -0.002 -21"><span class='ocrx_word' id='word_1_325' title='bbox 423 3165 474 3208; x_wconf 81' lang='lat' dir='ltr'><strong>tam</strong></span> <span class='ocrx_word' id='word_1_326' title='bbox 495 3143 647 3225; x_wconf 58' lang='lat' dir='ltr'><strong>acceptimus.</strong></span> <span class='ocrx_word' id='word_1_327' title='bbox 682 3154 794 3225; x_wconf 77' lang='lat' dir='ltr'><strong>Cyriiius</strong></span> <span class='ocrx_word' id='word_1_328' title='bbox 811 3156 1003 3211; x_wconf 79' lang='lat' dir='ltr'><strong>Alexandrinus</strong></span> <span class='ocrx_word' id='word_1_329' title='bbox 1023 3156 1129 3229; x_wconf 88' lang='lat' dir='ltr'><strong>insuper</strong></span> <span class='ocrx_word' id='word_1_330' title='bbox 1149 3158 1176 3210; x_wconf 90' lang='lat' dir='ltr'><strong>iu</strong></span> <span class='ocrx_word' id='word_1_331' title='bbox 1193 3156 1361 3211; x_wconf 86' lang='lat' dir='ltr'><strong>Heortssticis</strong></span> <span class='ocrx_word' id='word_1_332' title='bbox 1381 3156 1513 3220; x_wconf 89' lang='lat' dir='ltr'><strong>omnibns,</strong></span> <span class='ocrx_word' id='word_1_333' title='bbox 1534 3153 1572 3207; x_wconf 86' lang='lat' dir='ltr'><strong>nbi</strong></span> <span class='ocrx_word' id='word_1_334' title='bbox 1612 3164 1613 3223; x_wconf 63' lang='grc' dir='ltr'>η</span> 
     </span>
     <span class='ocr_line' id='line_1_31' title="bbox 423 3226 1613 3313; baseline -0.003 -19"><span class='ocrx_word' id='word_1_335' title='bbox 423 3239 655 3311; x_wconf 78' lang='lat' dir='ltr'><strong>qusdrsgeeimslis</strong></span> <span class='ocrx_word' id='word_1_336' title='bbox 667 3240 756 3295; x_wconf 90' lang='lat' dir='ltr'><strong>ieiunii</strong></span> <span class='ocrx_word' id='word_1_337' title='bbox 767 3248 794 3294; x_wconf 92' lang='lat' dir='ltr'><strong>et</strong></span> <span class='ocrx_word' id='word_1_338' title='bbox 804 3241 934 3312; x_wconf 83' lang='lat' dir='ltr'><strong>psschstis</strong></span> <span class='ocrx_word' id='word_1_339' title='bbox 945 3249 1063 3313; x_wconf 85' lang='lat' dir='ltr'><strong>tempore</strong></span> <span class='ocrx_word' id='word_1_340' title='bbox 1074 3242 1238 3313; x_wconf 83' lang='lat' dir='ltr'><strong>prsescribit,</strong></span> <span class='ocrx_word' id='word_1_341' title='bbox 1250 3240 1390 3295; x_wconf 82' lang='lat' dir='ltr'><strong>identidem</strong></span> <span class='ocrx_word' id='word_1_342' title='bbox 1399 3236 1572 3301; x_wconf 62' lang='lat' dir='ltr'><strong>crebrissime</strong></span> <span class='ocrx_word' id='word_1_343' title='bbox 1612 3226 1613 3253; x_wconf 62' lang='lat'>¹</span> 
     </span>
     <span class='ocr_line' id='line_1_32' title="bbox 424 3322 1572 3397; baseline -0.003 -19"><span class='ocrx_word' id='word_1_344' title='bbox 424 3324 729 3397; x_wconf 75' lang='grc' dir='ltr'>οτολιπὲςπαραδόοτιςοο</span> <span class='ocrx_word' id='word_1_345' title='bbox 740 3326 883 3379; x_wconf 69' lang='lat' dir='ltr'><strong>estundere</strong></span> <span class='ocrx_word' id='word_1_346' title='bbox 894 3327 1038 3397; x_wconf 81' lang='lat' dir='ltr'><strong>significet,</strong></span> <span class='ocrx_word' id='word_1_347' title='bbox 1050 3328 1166 3381; x_wconf 76' lang='lat' dir='ltr'><strong>menime</strong></span> <span class='ocrx_word' id='word_1_348' title='bbox 1177 3328 1204 3381; x_wconf 89' lang='lat' dir='ltr'><strong>iu</strong></span> <span class='ocrx_word' id='word_1_349' title='bbox 1217 3327 1288 3381; x_wconf 89' lang='lat' dir='ltr'><strong>Orst.</strong></span> <span class='ocrx_word' id='word_1_350' title='bbox 1298 3344 1344 3383; x_wconf 77' lang='lat' dir='ltr'><strong>uu.</strong></span> <span class='ocrx_word' id='word_1_351' title='bbox 1357 3345 1399 3381; x_wconf 84' lang='lat' dir='ltr'><strong>xv.</strong></span> <span class='ocrx_word' id='word_1_352' title='bbox 1412 3344 1467 3392; x_wconf 71' lang='lat' dir='ltr'><strong>xx,</strong></span> <span class='ocrx_word' id='word_1_353' title='bbox 1478 3332 1503 3379; x_wconf 86' lang='lat' dir='ltr'><strong>et</strong></span> <span class='ocrx_word' id='word_1_354' title='bbox 1513 3322 1572 3377; x_wconf 83' lang='lat' dir='ltr'><strong>eliis.</strong></span> 
     </span>
     <span class='ocr_line' id='line_1_33' title="bbox 422 3410 1571 3483; baseline -0.003 -18"><span class='ocrx_word' id='word_1_355' title='bbox 422 3410 495 3465; x_wconf 90' lang='lat' dir='ltr'><strong>ldem</strong></span> <span class='ocrx_word' id='word_1_356' title='bbox 510 3416 621 3465; x_wconf 79' lang='lat' dir='ltr'><strong>testetur</strong></span> <span class='ocrx_word' id='word_1_357' title='bbox 638 3418 665 3464; x_wconf 86' lang='lat' dir='ltr'><strong>et</strong></span> <span class='ocrx_word' id='word_1_358' title='bbox 680 3411 733 3464; x_wconf 83' lang='lat' dir='ltr'><strong>Leo</strong></span> <span class='ocrx_word' id='word_1_359' title='bbox 751 3427 819 3481; x_wconf 85' lang='lat' dir='ltr'><strong>psps</strong></span> <span class='ocrx_word' id='word_1_360' title='bbox 836 3412 863 3464; x_wconf 89' lang='lat' dir='ltr'><strong>iu</strong></span> <span class='ocrx_word' id='word_1_361' title='bbox 881 3413 991 3482; x_wconf 78' lang='lat' dir='ltr'><strong>epistole</strong></span> <span class='ocrx_word' id='word_1_362' title='bbox 1009 3412 1041 3465; x_wconf 84' lang='lat' dir='ltr'><strong>sd</strong></span> <span class='ocrx_word' id='word_1_363' title='bbox 1058 3410 1192 3465; x_wconf 88' lang='lat' dir='ltr'><strong>Proterum</strong></span> <span class='ocrx_word' id='word_1_364' title='bbox 1207 3410 1410 3465; x_wconf 86' lang='lat' dir='ltr'><strong>Alexeudrinnm</strong></span> <span class='ocrx_word' id='word_1_365' title='bbox 1428 3411 1571 3483; x_wconf 86' lang='lat' dir='ltr'><strong>prsesnlem,</strong></span> 
     </span>
     <span class='ocr_line' id='line_1_34' title="bbox 423 3494 1571 3568; baseline -0.003 -18"><span class='ocrx_word' id='word_1_366' title='bbox 423 3512 502 3566; x_wconf 81' lang='lat' dir='ltr'><strong>qusm</strong></span> <span class='ocrx_word' id='word_1_367' title='bbox 514 3497 578 3549; x_wconf 80' lang='lat' dir='ltr'><strong>citet</strong></span> <span class='ocrx_word' id='word_1_368' title='bbox 589 3494 660 3549; x_wconf 88' lang='lat' dir='ltr'><strong>Beds</strong></span> <span class='ocrx_word' id='word_1_369' title='bbox 670 3496 715 3549; x_wconf 89' lang='lat' dir='ltr'><strong>lib.</strong></span> <span class='ocrx_word' id='word_1_370' title='bbox 728 3496 761 3548; x_wconf 90' lang='lat' dir='ltr'><strong>de</strong></span> <span class='ocrx_word' id='word_1_371' title='bbox 772 3497 955 3565; x_wconf 76' lang='lat' dir='ltr'><strong>Aequinoctio,</strong></span> <span class='ocrx_word' id='word_1_372' title='bbox 971 3504 997 3549; x_wconf 92' lang='lat' dir='ltr'><strong>et</strong></span> <span class='ocrx_word' id='word_1_373' title='bbox 1007 3496 1052 3551; x_wconf 88' lang='lat' dir='ltr'><strong>lib.</strong></span> <span class='ocrx_word' id='word_1_374' title='bbox 1065 3496 1096 3549; x_wconf 89' lang='lat' dir='ltr'><strong>de</strong></span> <span class='ocrx_word' id='word_1_375' title='bbox 1107 3498 1198 3567; x_wconf 80' lang='lat' dir='ltr'><strong>Temp.</strong></span> <span class='ocrx_word' id='word_1_376' title='bbox 1211 3496 1268 3550; x_wconf 75' lang='lat' dir='ltr'><strong>ses</strong></span> <span class='ocrx_word' id='word_1_377' title='bbox 1285 3512 1342 3568; x_wconf 86' lang='lat' dir='ltr'><strong>esp.</strong></span> <span class='ocrx_word' id='word_1_378' title='bbox 1353 3514 1418 3551; x_wconf 75' lang='lat' dir='ltr'><strong>ssu,</strong></span> <span class='ocrx_word' id='word_1_379' title='bbox 1453 3496 1501 3550; x_wconf 90' lang='lat' dir='ltr'><strong>Ubi</strong></span> <span class='ocrx_word' id='word_1_380' title='bbox 1511 3495 1571 3549; x_wconf 84' lang='lat' dir='ltr'><strong>iiss-</strong></span> 
     </span>
     <span class='ocr_line' id='line_1_35' title="bbox 423 3580 1571 3653; baseline -0.003 -20"><span class='ocrx_word' id='word_1_381' title='bbox 423 3596 483 3633; x_wconf 89' lang='lat' dir='ltr'><strong>cum</strong></span> <span class='ocrx_word' id='word_1_382' title='bbox 495 3580 585 3633; x_wconf 87' lang='lat' dir='ltr'><strong>scribit</strong></span> <span class='ocrx_word' id='word_1_383' title='bbox 596 3596 612 3631; x_wconf 81' lang='lat' dir='ltr'><strong>s</strong></span> <span class='ocrx_word' id='word_1_384' title='bbox 623 3580 699 3633; x_wconf 87' lang='lat' dir='ltr'><strong>Petro</strong></span> <span class='ocrx_word' id='word_1_385' title='bbox 710 3580 830 3633; x_wconf 78' lang='lat' dir='ltr'><strong>didicisse</strong></span> <span class='ocrx_word' id='word_1_386' title='bbox 842 3581 988 3635; x_wconf 77' lang='lat' dir='ltr'><strong>celebrandi</strong></span> <span class='ocrx_word' id='word_1_387' title='bbox 999 3580 1131 3653; x_wconf 85' lang='lat' dir='ltr'><strong>psschstis</strong></span> <span class='ocrx_word' id='word_1_388' title='bbox 1143 3584 1229 3636; x_wconf 89' lang='lat' dir='ltr'><strong>ritum.</strong></span> <span class='ocrx_word' id='word_1_389' title='bbox 1263 3582 1380 3653; x_wconf 89' lang='lat' dir='ltr'><strong>Denique</strong></span> <span class='ocrx_word' id='word_1_390' title='bbox 1396 3598 1474 3637; x_wconf 90' lang='lat' dir='ltr'><strong>nemo</strong></span> <span class='ocrx_word' id='word_1_391' title='bbox 1490 3584 1527 3634; x_wconf 82' lang='lat' dir='ltr'><strong>est</strong></span> <span class='ocrx_word' id='word_1_392' title='bbox 1542 3592 1571 3631; x_wconf 85' lang='lat' dir='ltr'><strong>er</strong></span> 
     </span>
     <span class='ocr_line' id='line_1_36' title="bbox 423 3664 1571 3735; baseline 0.002 -18"><span class='ocrx_word' id='word_1_393' title='bbox 423 3664 520 3719; x_wconf 79' lang='lat' dir='ltr'><strong>sunctie</strong></span> <span class='ocrx_word' id='word_1_394' title='bbox 531 3664 661 3735; x_wconf 76' lang='lat' dir='ltr'><strong>putribus,</strong></span> <span class='ocrx_word' id='word_1_395' title='bbox 679 3666 724 3734; x_wconf 94' lang='lat' dir='ltr'><strong>qui</strong></span> <span class='ocrx_word' id='word_1_396' title='bbox 740 3682 793 3718; x_wconf 93' lang='lat' dir='ltr'><strong>non</strong></span> <span class='ocrx_word' id='word_1_397' title='bbox 811 3665 964 3720; x_wconf 83' lang='lat' dir='ltr'><strong>csthoiicnm</strong></span> <span class='ocrx_word' id='word_1_398' title='bbox 977 3668 1091 3721; x_wconf 82' lang='lat' dir='ltr'><strong>solennis</strong></span> <span class='ocrx_word' id='word_1_399' title='bbox 1102 3668 1173 3721; x_wconf 87' lang='lat' dir='ltr'><strong>iilius</strong></span> <span class='ocrx_word' id='word_1_400' title='bbox 1184 3668 1263 3721; x_wconf 90' lang='lat' dir='ltr'><strong>ritum</strong></span> <span class='ocrx_word' id='word_1_401' title='bbox 1272 3668 1475 3721; x_wconf 82' lang='lat' dir='ltr'><strong>vetustissimum</strong></span> <span class='ocrx_word' id='word_1_402' title='bbox 1486 3682 1539 3719; x_wconf 89' lang='lat' dir='ltr'><strong>esse</strong></span> <span class='ocrx_word' id='word_1_403' title='bbox 1549 3668 1571 3715; x_wconf 83' lang='lat' dir='ltr'><strong>et</strong></span> 
     </span>
     <span class='ocr_line' id='line_1_37' title="bbox 423 3750 932 3821; baseline 0.006 -18"><span class='ocrx_word' id='word_1_404' title='bbox 423 3750 457 3803; x_wconf 82' lang='lat' dir='ltr'><strong>sb</strong></span> <span class='ocrx_word' id='word_1_405' title='bbox 469 3750 594 3821; x_wconf 88' lang='lat' dir='ltr'><strong>spostolis</strong></span> <span class='ocrx_word' id='word_1_406' title='bbox 604 3750 668 3820; x_wconf 88' lang='lat' dir='ltr'><strong>ipsis</strong></span> <span class='ocrx_word' id='word_1_407' title='bbox 679 3766 801 3803; x_wconf 84' lang='lat' dir='ltr'><strong>munssse</strong></span> <span class='ocrx_word' id='word_1_408' title='bbox 811 3750 932 3807; x_wconf 79' lang='lat' dir='ltr'><strong>fetentur.</strong></span> 
     </span>
    </p>

    <p class='ocr_par' dir='ltr' id='par_1_3' title="bbox 423 3834 1571 4419">
     <span class='ocr_line' id='line_1_38' title="bbox 491 3834 1571 3910; baseline -0.003 -23"><span class='ocrx_word' id='word_1_409' title='bbox 491 3834 558 3888; x_wconf 80' lang='lat' dir='ltr'><strong>Nem</strong></span> <span class='ocrx_word' id='word_1_410' title='bbox 573 3835 642 3907; x_wconf 91' lang='lat' dir='ltr'><strong>quod</strong></span> <span class='ocrx_word' id='word_1_411' title='bbox 653 3834 795 3889; x_wconf 88' lang='lat' dir='ltr'><strong>Eusebium</strong></span> <span class='ocrx_word' id='word_1_412' title='bbox 810 3842 837 3888; x_wconf 91' lang='lat' dir='ltr'><strong>et</strong></span> <span class='ocrx_word' id='word_1_413' title='bbox 852 3838 1040 3892; x_wconf 76' lang='lat' dir='ltr'><strong>ecclesiasticae</strong></span> <span class='ocrx_word' id='word_1_414' title='bbox 1056 3840 1192 3910; x_wconf 83' lang='lat' dir='ltr'><strong>scriptores</strong></span> <span class='ocrx_word' id='word_1_415' title='bbox 1208 3838 1343 3903; x_wconf 80' lang='lat' dir='ltr'><strong>historice,</strong></span> <span class='ocrx_word' id='word_1_416' title='bbox 1360 3844 1438 3907; x_wconf 84' lang='lat' dir='ltr'><strong>sique</strong></span> <span class='ocrx_word' id='word_1_417' title='bbox 1455 3838 1518 3890; x_wconf 89' lang='lat' dir='ltr'><strong>inter</strong></span> <span class='ocrx_word' id='word_1_418' title='bbox 1532 3848 1571 3887; x_wconf 91' lang='lat' dir='ltr'><strong>sus</strong></span> 
     </span>
     <span class='ocr_line' id='line_1_39' title="bbox 423 3919 1571 3995; baseline -0.003 -20"><span class='ocrx_word' id='word_1_419' title='bbox 423 3920 595 3975; x_wconf 79' lang='lat' dir='ltr'><strong>nouissimum</strong></span> <span class='ocrx_word' id='word_1_420' title='bbox 605 3919 792 3992; x_wconf 85' lang='lat' dir='ltr'><strong>Nicephorum,</strong></span> <span class='ocrx_word' id='word_1_421' title='bbox 809 3922 996 3995; x_wconf 86' lang='lat' dir='ltr'><strong>subscriptores</strong></span> <span class='ocrx_word' id='word_1_422' title='bbox 1007 3923 1102 3978; x_wconf 75' lang='lat' dir='ltr'><strong>hebere</strong></span> <span class='ocrx_word' id='word_1_423' title='bbox 1114 3940 1142 3977; x_wconf 89' lang='lat' dir='ltr'><strong>ee</strong></span> <span class='ocrx_word' id='word_1_424' title='bbox 1154 3924 1215 3977; x_wconf 86' lang='lat' dir='ltr'><strong>dicit</strong></span> <span class='ocrx_word' id='word_1_425' title='bbox 1228 3924 1353 3993; x_wconf 76' lang='lat' dir='ltr'><strong>Scaliger,</strong></span> <span class='ocrx_word' id='word_1_426' title='bbox 1368 3922 1499 3975; x_wconf 79' lang='lat' dir='ltr'><strong>menifesti</strong></span> <span class='ocrx_word' id='word_1_427' title='bbox 1508 3934 1571 3973; x_wconf 91' lang='lat' dir='ltr'><strong>meu·</strong></span> 
     </span>
     <span class='ocr_line' id='line_1_40' title="bbox 424 4005 1570 4081; baseline -0.003 -23"><span class='ocrx_word' id='word_1_428' title='bbox 424 4006 492 4059; x_wconf 84' lang='lat' dir='ltr'><strong>decii</strong></span> <span class='ocrx_word' id='word_1_429' title='bbox 501 4012 611 4062; x_wconf 88' lang='lat' dir='ltr'><strong>tenetur.</strong></span> <span class='ocrx_word' id='word_1_430' title='bbox 628 4006 756 4061; x_wconf 80' lang='lat' dir='ltr'><strong>Eusebius</strong></span> <span class='ocrx_word' id='word_1_431' title='bbox 767 4008 836 4060; x_wconf 91' lang='lat' dir='ltr'><strong>enim</strong></span> <span class='ocrx_word' id='word_1_432' title='bbox 849 4016 940 4063; x_wconf 82' lang='lat' dir='ltr'><strong>contro</strong></span> <span class='ocrx_word' id='word_1_433' title='bbox 952 4008 1105 4064; x_wconf 86' lang='lat' dir='ltr'><strong>cethoiicum</strong></span> <span class='ocrx_word' id='word_1_434' title='bbox 1117 4008 1228 4063; x_wconf 90' lang='lat' dir='ltr'><strong>obeundi</strong></span> <span class='ocrx_word' id='word_1_435' title='bbox 1237 4006 1368 4081; x_wconf 81' lang='lat' dir='ltr'><strong>peschstie</strong></span> <span class='ocrx_word' id='word_1_436' title='bbox 1377 4022 1485 4071; x_wconf 83' lang='lat' dir='ltr'><strong>morem,</strong></span> <span class='ocrx_word' id='word_1_437' title='bbox 1496 4005 1570 4059; x_wconf 90' lang='lat' dir='ltr'><strong>cuins·</strong></span> 
     </span>
     <span class='ocr_line' id='line_1_41' title="bbox 425 4087 1569 4163; baseline -0.007 -17"><span class='ocrx_word' id='word_1_438' title='bbox 425 4090 496 4146; x_wconf 88' lang='lat' dir='ltr'><strong>modi</strong></span> <span class='ocrx_word' id='word_1_439' title='bbox 511 4091 545 4144; x_wconf 85' lang='lat' dir='ltr'><strong>eb</strong></span> <span class='ocrx_word' id='word_1_440' title='bbox 557 4090 766 4146; x_wconf 77' lang='lat' dir='ltr'><strong>occidentalibus</strong></span> <span class='ocrx_word' id='word_1_441' title='bbox 783 4099 810 4146; x_wconf 94' lang='lat' dir='ltr'><strong>et</strong></span> <span class='ocrx_word' id='word_1_442' title='bbox 826 4093 950 4147; x_wconf 74' lang='lat' dir='ltr'><strong>Romame</strong></span> <span class='ocrx_word' id='word_1_443' title='bbox 968 4096 1084 4147; x_wconf 81' lang='lat' dir='ltr'><strong>maxime</strong></span> <span class='ocrx_word' id='word_1_444' title='bbox 1101 4100 1218 4148; x_wconf 78' lang='lat' dir='ltr'><strong>sumtus</strong></span> <span class='ocrx_word' id='word_1_445' title='bbox 1235 4100 1286 4159; x_wconf 86' lang='lat' dir='ltr'><strong>eet,</strong></span> <span class='ocrx_word' id='word_1_446' title='bbox 1306 4092 1431 4163; x_wconf 86' lang='lat' dir='ltr'><strong>spostolis</strong></span> <span class='ocrx_word' id='word_1_447' title='bbox 1451 4087 1569 4144; x_wconf 75' lang='lat' dir='ltr'><strong>sdscdbit</strong></span> 
     </span>
     <span class='ocr_line' id='line_1_42' title="bbox 425 4176 1569 4249; baseline -0.007 -17"><span class='ocrx_word' id='word_1_448' title='bbox 425 4178 493 4232; x_wconf 80' lang='lat' dir='ltr'><strong>Num</strong></span> <span class='ocrx_word' id='word_1_449' title='bbox 504 4192 560 4247; x_wconf 89' lang='lat' dir='ltr'><strong>usp.</strong></span> <span class='ocrx_word' id='word_1_450' title='bbox 571 4176 616 4229; x_wconf 90' lang='lat' dir='ltr'><strong>illo</strong></span> <span class='ocrx_word' id='word_1_451' title='bbox 628 4194 704 4232; x_wconf 79' lang='lat' dir='ltr'><strong>urm.</strong></span> <span class='ocrx_word' id='word_1_452' title='bbox 716 4179 759 4233; x_wconf 89' lang='lat' dir='ltr'><strong>iib.</strong></span> <span class='ocrx_word' id='word_1_453' title='bbox 769 4196 802 4242; x_wconf 78' lang='lat' dir='ltr'><strong>v,</strong></span> <span class='ocrx_word' id='word_1_454' title='bbox 819 4179 864 4231; x_wconf 92' lang='lat' dir='ltr'><strong>nbi</strong></span> <span class='ocrx_word' id='word_1_455' title='bbox 876 4180 1027 4231; x_wconf 79' lang='lat' dir='ltr'><strong>acerrimum</strong></span> <span class='ocrx_word' id='word_1_456' title='bbox 1040 4180 1070 4233; x_wconf 91' lang='lat' dir='ltr'><strong>de</strong></span> <span class='ocrx_word' id='word_1_457' title='bbox 1082 4178 1205 4249; x_wconf 83' lang='lat' dir='ltr'><strong>pusohste</strong></span> <span class='ocrx_word' id='word_1_458' title='bbox 1218 4178 1417 4242; x_wconf 88' lang='lat' dir='ltr'><strong>dissensionem,</strong></span> <span class='ocrx_word' id='word_1_459' title='bbox 1433 4192 1498 4248; x_wconf 82' lang='lat' dir='ltr'><strong>quse</strong></span> <span class='ocrx_word' id='word_1_460' title='bbox 1513 4176 1569 4227; x_wconf 90' lang='lat' dir='ltr'><strong>inter</strong></span> 
     </span>
     <span class='ocr_line' id='line_1_43' title="bbox 425 4262 1567 4333; baseline 0 -18"><span class='ocrx_word' id='word_1_461' title='bbox 425 4263 554 4317; x_wconf 87' lang='lat' dir='ltr'><strong>Victorem</strong></span> <span class='ocrx_word' id='word_1_462' title='bbox 565 4276 661 4331; x_wconf 87' lang='lat' dir='ltr'><strong>pepsm</strong></span> <span class='ocrx_word' id='word_1_463' title='bbox 673 4262 835 4317; x_wconf 82' lang='lat' dir='ltr'><strong>etAsisticos</strong></span> <span class='ocrx_word' id='word_1_464' title='bbox 846 4262 974 4333; x_wconf 78' lang='lat' dir='ltr'><strong>flagravit,</strong></span> <span class='ocrx_word' id='word_1_465' title='bbox 986 4264 1103 4332; x_wconf 86' lang='lat' dir='ltr'><strong>pluribus</strong></span> <span class='ocrx_word' id='word_1_466' title='bbox 1116 4271 1308 4327; x_wconf 83' lang='lat' dir='ltr'><strong>commemoret,</strong></span> <span class='ocrx_word' id='word_1_467' title='bbox 1320 4263 1449 4315; x_wconf 84' lang='lat' dir='ltr'><strong>Asisticos</strong></span> <span class='ocrx_word' id='word_1_468' title='bbox 1460 4262 1567 4316; x_wconf 75' lang='lat' dir='ltr'><strong>reiertsx</strong></span> 
     </span>
     <span class='ocr_line' id='line_1_44' title="bbox 426 4340 1568 4419; baseline -0.005 -17"><span class='ocrx_word' id='word_1_469' title='bbox 426 4349 532 4418; x_wconf 82' lang='lat' dir='ltr'><strong>entique</strong></span> <span class='ocrx_word' id='word_1_470' title='bbox 542 4345 680 4399; x_wconf 88' lang='lat' dir='ltr'><strong>trsditione</strong></span> <span class='ocrx_word' id='word_1_471' title='bbox 691 4364 745 4401; x_wconf 81' lang='lat' dir='ltr'><strong>xrs.</strong></span> <span class='ocrx_word' id='word_1_472' title='bbox 757 4348 856 4414; x_wconf 85' lang='lat' dir='ltr'><strong>iunem,</strong></span> <span class='ocrx_word' id='word_1_473' title='bbox 868 4364 1049 4418; x_wconf 86' lang='lat' dir='ltr'><strong>quemcunque</strong></span> <span class='ocrx_word' id='word_1_474' title='bbox 1061 4348 1088 4401; x_wconf 92' lang='lat' dir='ltr'><strong>in</strong></span> <span class='ocrx_word' id='word_1_475' title='bbox 1101 4348 1169 4401; x_wconf 89' lang='lat' dir='ltr'><strong>diem</strong></span> <span class='ocrx_word' id='word_1_476' title='bbox 1180 4348 1311 4413; x_wconf 89' lang='lat' dir='ltr'><strong>incideret,</strong></span> <span class='ocrx_word' id='word_1_477' title='bbox 1324 4346 1455 4401; x_wconf 91' lang='lat' dir='ltr'><strong>dominico</strong></span> <span class='ocrx_word' id='word_1_478' title='bbox 1465 4340 1568 4419; x_wconf 77' lang='lat' dir='ltr'><strong>pmchsti</strong></span> 
     </span>
    </p>

    <p class='ocr_par' dir='ltr' id='par_1_4' title="bbox 325 4426 1568 4928">
     <span class='ocr_line' id='line_1_45' title="bbox 325 4426 1568 4503; baseline -0.003 -16"><span class='ocrx_word' id='word_1_479' title='bbox 325 4456 346 4498; x_wconf 68' lang='lat' dir='ltr'><strong>p</strong></span> <span class='ocrx_word' id='word_1_480' title='bbox 355 4445 400 4487; x_wconf 75' lang='lat' dir='ltr'><strong>seu</strong></span> <span class='ocrx_word' id='word_1_481' title='bbox 424 4430 572 4503; x_wconf 71' lang='lat' dir='ltr'><strong>peragendo</strong></span> <span class='ocrx_word' id='word_1_482' title='bbox 589 4430 778 4502; x_wconf 73' lang='lat' dir='ltr'><strong>pmeiinirissez</strong></span> <span class='ocrx_word' id='word_1_483' title='bbox 797 4433 842 4485; x_wconf 70' lang='lat' dir='ltr'><strong>oie</strong></span> <span class='ocrx_word' id='word_1_484' title='bbox 859 4430 927 4493; x_wconf 78' lang='grc' dir='ltr'>ἔθους</span> <span class='ocrx_word' id='word_1_485' title='bbox 945 4428 1014 4493; x_wconf 80' lang='grc' dir='ltr'>ὄντος</span> <span class='ocrx_word' id='word_1_486' title='bbox 1032 4438 1118 4485; x_wconf 79' lang='grc' dir='ltr'>τοῦτον</span> <span class='ocrx_word' id='word_1_487' title='bbox 1135 4432 1250 4485; x_wconf 71' lang='lat' dir='ltr'><strong>incessitis</strong></span> <span class='ocrx_word' id='word_1_488' title='bbox 1262 4434 1304 4485; x_wconf 75' lang='lat' dir='ltr'><strong>ris</strong></span> <span class='ocrx_word' id='word_1_489' title='bbox 1315 4434 1408 4501; x_wconf 84' lang='grc' dir='ltr'>τρόπον</span> <span class='ocrx_word' id='word_1_490' title='bbox 1419 4435 1471 4493; x_wconf 71' lang='grc' dir='ltr'>ταῖς</span> <span class='ocrx_word' id='word_1_491' title='bbox 1483 4427 1524 4483; x_wconf 71' lang='lat' dir='ltr'><strong>evi</strong></span> <span class='ocrx_word' id='word_1_492' title='bbox 1533 4426 1568 4492; x_wconf 70' lang='lat' dir='ltr'><strong>riv</strong></span> 
     </span>
     <span class='ocr_line' id='line_1_46' title="bbox 425 4514 1567 4589; baseline 0.001 -20"><span class='ocrx_word' id='word_1_493' title='bbox 425 4516 513 4585; x_wconf 79' lang='grc' dir='ltr'>λοιπὴν</span> <span class='ocrx_word' id='word_1_494' title='bbox 525 4515 622 4570; x_wconf 66' lang='lat' dir='ltr'><strong>brucus</strong></span> <span class='ocrx_word' id='word_1_495' title='bbox 634 4514 775 4586; x_wconf 71' lang='grc' dir='ltr'>οἱκουρόνην</span> <span class='ocrx_word' id='word_1_496' title='bbox 785 4515 921 4584; x_wconf 75' lang='grc' dir='ltr'>ἐκκλησίαις</span> <span class='ocrx_word' id='word_1_497' title='bbox 933 4515 958 4578; x_wconf 73' lang='lat' dir='ltr'><strong>ii</strong></span> <span class='ocrx_word' id='word_1_498' title='bbox 969 4514 1131 4584; x_wconf 79' lang='grc' dir='ltr'>ἀποστολιπῆς</span> <span class='ocrx_word' id='word_1_499' title='bbox 1144 4518 1303 4589; x_wconf 78' lang='grc' dir='ltr'>παραδόσεως</span> <span class='ocrx_word' id='word_1_500' title='bbox 1312 4518 1340 4569; x_wconf 78' lang='grc' dir='ltr'><strong>τθ</strong></span> <span class='ocrx_word' id='word_1_501' title='bbox 1350 4516 1389 4571; x_wconf 73' lang='lat' dir='ltr'><strong>sni</strong></span> <span class='ocrx_word' id='word_1_502' title='bbox 1399 4516 1431 4579; x_wconf 75' lang='lat' dir='ltr'><strong>sie</strong></span> <span class='ocrx_word' id='word_1_503' title='bbox 1443 4518 1511 4587; x_wconf 76' lang='lat' dir='ltr'><strong>esopo</strong></span> <span class='ocrx_word' id='word_1_504' title='bbox 1520 4532 1567 4583; x_wconf 66' lang='lat' dir='ltr'><strong>xps·</strong></span> 
     </span>
     <span class='ocr_line' id='line_1_47' title="bbox 425 4600 1566 4673; baseline -0.003 -19"><span class='ocrx_word' id='word_1_505' title='bbox 425 4604 501 4668; x_wconf 73' lang='grc' dir='ltr'>τῆνον</span> <span class='ocrx_word' id='word_1_506' title='bbox 512 4600 566 4663; x_wconf 75' lang='grc' dir='ltr'>ἔθος</span> <span class='ocrx_word' id='word_1_507' title='bbox 578 4601 766 4672; x_wconf 66' lang='lat' dir='ltr'><strong>potamicus:</strong></span> <span class='ocrx_word' id='word_1_508' title='bbox 789 4602 849 4655; x_wconf 82' lang='lat' dir='ltr'><strong>Cum</strong></span> <span class='ocrx_word' id='word_1_509' title='bbox 864 4622 891 4656; x_wconf 84' lang='lat' dir='ltr'><strong>eo</strong></span> <span class='ocrx_word' id='word_1_510' title='bbox 902 4608 953 4655; x_wconf 80' lang='lat' dir='ltr'><strong>ritu</strong></span> <span class='ocrx_word' id='word_1_511' title='bbox 966 4604 1113 4655; x_wconf 78' lang='lat' dir='ltr'><strong>celebrandi</strong></span> <span class='ocrx_word' id='word_1_512' title='bbox 1124 4606 1272 4656; x_wconf 65' lang='lat' dir='ltr'><strong>consumtum</strong></span> <span class='ocrx_word' id='word_1_513' title='bbox 1285 4622 1332 4656; x_wconf 81' lang='grc' dir='ltr'><strong>που</strong></span> <span class='ocrx_word' id='word_1_514' title='bbox 1344 4612 1408 4655; x_wconf 84' lang='lat' dir='ltr'><strong>esset</strong></span> <span class='ocrx_word' id='word_1_515' title='bbox 1419 4604 1519 4673; x_wconf 78' lang='lat' dir='ltr'><strong>reliquis</strong></span> <span class='ocrx_word' id='word_1_516' title='bbox 1528 4610 1566 4651; x_wconf 86' lang='lat' dir='ltr'><strong>ter·</strong></span> 
     </span>
     <span class='ocr_line' id='line_1_48' title="bbox 425 4684 1568 4758; baseline -0.001 -20"><span class='ocrx_word' id='word_1_517' title='bbox 425 4706 514 4739; x_wconf 78' lang='lat' dir='ltr'><strong>rorum</strong></span> <span class='ocrx_word' id='word_1_518' title='bbox 525 4688 594 4741; x_wconf 80' lang='lat' dir='ltr'><strong>orbe&#39;e</strong></span> <span class='ocrx_word' id='word_1_519' title='bbox 605 4688 731 4750; x_wconf 78' lang='lat' dir='ltr'><strong>ecclesiis,</strong></span> <span class='ocrx_word' id='word_1_520' title='bbox 746 4706 811 4756; x_wconf 78' lang='lat' dir='ltr'><strong>quae</strong></span> <span class='ocrx_word' id='word_1_521' title='bbox 825 4707 856 4740; x_wconf 73' lang='lat' dir='ltr'><strong>ec</strong></span> <span class='ocrx_word' id='word_1_522' title='bbox 872 4688 1013 4758; x_wconf 76' lang='lat' dir='ltr'><strong>apostolica</strong></span> <span class='ocrx_word' id='word_1_523' title='bbox 1026 4690 1162 4741; x_wconf 82' lang='lat' dir='ltr'><strong>traditione</strong></span> <span class='ocrx_word' id='word_1_524' title='bbox 1174 4706 1264 4739; x_wconf 82' lang='lat' dir='ltr'><strong>morem</strong></span> <span class='ocrx_word' id='word_1_525' title='bbox 1276 4690 1346 4740; x_wconf 80' lang='lat' dir='ltr'><strong>iiism</strong></span> <span class='ocrx_word' id='word_1_526' title='bbox 1358 4688 1521 4741; x_wconf 69' lang='lat' dir='ltr'><strong>observabunt</strong></span> <span class='ocrx_word' id='word_1_527' title='bbox 1533 4684 1568 4752; x_wconf 80' lang='lat' dir='ltr'><strong>qtt&#39;</strong></span> 
     </span>
     <span class='ocr_line' id='line_1_49' title="bbox 428 4768 1566 4843; baseline -0.002 -18"><span class='ocrx_word' id='word_1_528' title='bbox 428 4774 465 4825; x_wconf 83' lang='lat' dir='ltr'><strong>ud</strong></span> <span class='ocrx_word' id='word_1_529' title='bbox 474 4770 520 4825; x_wconf 84' lang='lat' dir='ltr'><strong>boc</strong></span> <span class='ocrx_word' id='word_1_530' title='bbox 531 4790 607 4843; x_wconf 81' lang='lat' dir='ltr'><strong>usque</strong></span> <span class='ocrx_word' id='word_1_531' title='bbox 618 4783 711 4843; x_wconf 82' lang='lat' dir='ltr'><strong>tempus</strong></span> <span class='ocrx_word' id='word_1_532' title='bbox 722 4773 833 4825; x_wconf 79' lang='lat' dir='ltr'><strong>obtinuit.</strong></span> <span class='ocrx_word' id='word_1_533' title='bbox 856 4773 924 4826; x_wconf 77' lang='lat' dir='ltr'><strong>&#39;inm</strong></span> <span class='ocrx_word' id='word_1_534' title='bbox 936 4788 990 4842; x_wconf 85' lang='lat' dir='ltr'><strong>esp.</strong></span> <span class='ocrx_word' id='word_1_535' title='bbox 1001 4790 1072 4827; x_wconf 77' lang='lat' dir='ltr'><strong>xxvi.</strong></span> <span class='ocrx_word' id='word_1_536' title='bbox 1096 4772 1194 4826; x_wconf 87' lang='lat' dir='ltr'><strong>irensei</strong></span> <span class='ocrx_word' id='word_1_537' title='bbox 1205 4772 1238 4825; x_wconf 88' lang='lat' dir='ltr'><strong>sd</strong></span> <span class='ocrx_word' id='word_1_538' title='bbox 1250 4774 1380 4826; x_wconf 84' lang='lat' dir='ltr'><strong>Victorem</strong></span> <span class='ocrx_word' id='word_1_539' title='bbox 1394 4772 1525 4843; x_wconf 79' lang='lat' dir='ltr'><strong>epistolem</strong></span> <span class='ocrx_word' id='word_1_540' title='bbox 1539 4768 1566 4819; x_wconf 75' lang='lat' dir='ltr'><strong>ti·</strong></span> 
     </span>
     <span class='ocr_line' id='line_1_50' title="bbox 426 4856 1566 4928; baseline -0.004 -17"><span class='ocrx_word' id='word_1_541' title='bbox 426 4862 478 4922; x_wconf 81' lang='lat' dir='ltr'><strong>tet,</strong></span> <span class='ocrx_word' id='word_1_542' title='bbox 489 4856 515 4910; x_wconf 94' lang='lat' dir='ltr'><strong>in</strong></span> <span class='ocrx_word' id='word_1_543' title='bbox 526 4872 580 4927; x_wconf 81' lang='lat' dir='ltr'><strong>qus</strong></span> <span class='ocrx_word' id='word_1_544' title='bbox 590 4858 664 4912; x_wconf 91' lang='lat' dir='ltr'><strong>ilium</strong></span> <span class='ocrx_word' id='word_1_545' title='bbox 674 4856 834 4923; x_wconf 80' lang='lat' dir='ltr'><strong>bortebutur,</strong></span> <span class='ocrx_word' id='word_1_546' title='bbox 846 4864 875 4911; x_wconf 92' lang='lat' dir='ltr'><strong>ut</strong></span> <span class='ocrx_word' id='word_1_547' title='bbox 885 4875 919 4911; x_wconf 90' lang='lat' dir='ltr'><strong>ne</strong></span> <span class='ocrx_word' id='word_1_548' title='bbox 927 4864 1032 4928; x_wconf 86' lang='lat' dir='ltr'><strong>propter</strong></span> <span class='ocrx_word' id='word_1_549' title='bbox 1040 4860 1195 4915; x_wconf 77' lang='lat' dir='ltr'><strong>conuertens</strong></span> <span class='ocrx_word' id='word_1_550' title='bbox 1204 4859 1359 4912; x_wconf 76' lang='lat' dir='ltr'><strong>Asianorum</strong></span> <span class='ocrx_word' id='word_1_551' title='bbox 1368 4857 1566 4913; x_wconf 85' lang='lat' dir='ltr'><strong>cousuetudinem</strong></span> 
     </span>
    </p>
   </div>
   <div class='ocr_carea' id='block_1_3' title="bbox 0 0 1837 5642">
    <p class='ocr_par' dir='ltr' id='par_1_5' title="bbox 0 0 1837 5642">
     <span class='ocr_line' id='line_1_51' title="bbox 0 0 1837 5642; baseline 0 0"><span class='ocrx_word' id='word_1_552' title='bbox 0 0 1837 5642; x_wconf 95' lang='lat' dir='ltr'><strong> </strong></span> 
     </span>
    </p>
   </div>
  </div>
 </body>
</html>
