3650 5642
1300 649 1387 707 cccv

219 805 310 876 ingen
326 805 474 871 meunt,
491 823 545 860 non
562 805 615 859 elie
629 811 693 876 puto
710 804 857 859 conditione
868 803 1028 865 Nuntieuoe
1045 803 1078 858 erl
1092 803 1253 874 iungendum
1263 821 1323 860 oum
1334 805 1386 859 illie

220 892 436 946 communionem
446 891 535 962 coegit
549 907 629 960 quem
642 895 673 943 ut
683 889 811 944 dieeoluto
820 890 965 961 porteriore
975 890 1021 943 illo
1032 889 1155 960 coniugio
1167 889 1345 944 ioedieeimem
1356 876 1387 943 il-

220 977 271 1029 lem
286 977 428 1031 mecelem
441 977 603 1048 poeniteutie
618 975 754 1030 diluerent
782 975 863 1045 Atqui
878 991 932 1029 uon
948 975 1035 1045 megia
1050 980 1080 1028 ut
1090 991 1150 1029 curn
1162 973 1210 1028 hoo
1221 981 1387 1048 peccatorum

222 1078 315 1130 genere
325 1068 393 1132 poet
402 1062 588 1132 poenitentium
597 1075 676 1131 quem
686 1065 716 1113 ut
726 1075 786 1114 oum
797 1062 905 1114 oeeterie
917 1060 1139 1114 communicarent
1150 1061 1271 1114 omnibue
1282 1061 1327 1114 lox
1337 1061 1389 1114 lete

222 1148 364 1217 contioque
373 1147 436 1200 ferri
443 1145 595 1200 Noretienie
606 1145 704 1200 debuit
722 1145 781 1198 Non
793 1146 863 1198 euim
874 1145 1002 1198 dumodi
1013 1146 1098 1198 eolum
1109 1145 1241 1216 digemce,
1254 1145 1299 1199 eerl
1311 1163 1388 1216 quoe·

221 1248 333 1302 rumque
346 1231 435 1285 cericei
445 1230 572 1300 greniorie
583 1246 643 1284 rece
653 1231 688 1283 eb
700 1231 772 1284 omni
782 1245 828 1300 epe
840 1230 1031 1284 communionie
1047 1231 1218 1284 exulueerent
1246 1229 1298 1286 Gur
1308 1233 1388 1302 igitur

222 1318 252 1369 de
262 1317 382 1386 eligemie
392 1317 445 1370 illie
455 1317 546 1385 ntique
555 1315 662 1368 nonnisi
672 1315 860 1384 poenitenu'em
871 1322 897 1369 et
910 1315 994 1369 illiciti
1005 1315 1122 1385 coniugii
1133 1315 1332 1387 dirumpn'onem
1344 1317 1388 1370 ed·

223 1402 358 1456 mittendis
375 1401 468 1454 uicem
484 1401 691 1469 nomiueu'mqne
704 1399 821 1453 Nioeene
836 1399 952 1469 cynodue
970 1405 1109 1472 exceptum
1126 1401 1224 1454 voluit?
1252 1401 1332 1467 Quid,
1349 1403 1389 1456 in·

224 1503 312 1555 quem,
323 1487 358 1540 in
367 1487 414 1540 illc
424 1486 540 1540 criminin
551 1478 721 1554 edulteriic'pue
733 1500 829 1554 genem
838 1486 926 1538 ineeee
935 1489 1021 1556 poleet
1031 1485 1162 1556 mysterii,
1173 1491 1204 1538 ut
1215 1501 1275 1540 cnm
1286 1487 1319 1540 iie
1324 1525 1331 1552 ,
1344 1487 1390 1556 qni

223 1571 374 1640 uegeuderu
389 1572 504 1641 peccetio
520 1570 642 1624 omuibue
658 1570 830 1624 atrocioribus
847 1571 1034 1640 poenitentium
1051 1571 1313 1642 communionemque
1329 1589 1388 1625 oen·

225 1663 337 1722 ruerem,
349 1654 459 1710 Niceeui
469 1661 556 1726 petree
567 1655 600 1708 de
613 1671 666 1708 uno
678 1655 723 1708 illo
733 1655 907 1725 stipulentur?
935 1655 1004 1710 Nem
1015 1655 1085 1726 quod
1095 1673 1177 1710 uuum
1189 1655 1282 1709 efferre
1293 1663 1388 1728 potest,

225 1743 320 1796 oeeouli
331 1742 439 1811 legibue
454 1740 575 1796 edulterii
591 1756 676 1810 genoe
691 1739 757 1793 illud
773 1740 855 1794 iuieee
872 1757 1038 1807 conuersum,
1055 1741 1113 1795 ideo
1130 1747 1293 1795 momontum
1310 1741 1389 1795 hebet

225 1829 335 1894 nullum,
352 1826 491 1897 querelem,
507 1831 538 1878 ut
547 1826 659 1896 ipeemet
666 1825 770 1891 eruerit,
781 1842 918 1896 nunonem
928 1825 955 1879 id
967 1826 1092 1880 eccleeiee
1103 1825 1253 1897 persuaderi
1263 1827 1349 1896 potuit
1359 1831 1390 1880 ut

226 1913 324 1966 ‹firortii
335 1927 445 1966 oeume
455 1912 515 1965 illee
528 1911 696 1981 epprcberet‚
713 1917 760 1964 ent
775 1911 850 1964 eliter
866 1911 899 1964 de
916 1910 1028 1981 ‹ligumie
1044 1911 1102 1964 istie
1120 1927 1200 1981 quem
1217 1911 1249 1965 de
1266 1911 1388 1966 edulterie

227 2003 356 2051 etetneret.
386 1996 473 2062 Quere
487 1995 578 2050 eedem
592 1995 698 2061 horem,
715 2011 782 2066 queo
796 2002 824 2050 et
835 1995 1011 2050 ednherorum
1022 2001 1196 2061 oeeterorum,
1213 2002 1252 2062 et,
1269 1998 1339 2068 qnod
1355 1997 1389 2051 ed

228 2083 431 2138 Nceetieeorum
441 2081 578 2152 negotium
589 2086 701 2152 spectet,
716 2097 796 2151 quem
810 2088 977 2152 peccetorum
989 2081 1119 2146 omnium,
1136 2081 1202 2134 retio
1214 2081 1305 2136 heberi
1316 2097 1333 2135 e
1343 2098 1389 2152 pe-

229 2169 305 2221 tribue
313 2168 415 2222 debuit
431 2167 523 2237 lteque
531 2165 639 2220 dubium
646 2166 748 2219 nullum
758 2167 870 2236 eetquin
878 2166 1003 2220 edrereue
1012 2165 1176 2235 digamorum
1188 2181 1272 2236 genno
1283 2167 1389 2220 tertium

230 2255 383 2307 ermenone
393 2253 510 2306 eonciliie
521 2251 666 2305 urerimtm
676 2251 761 2304 eculei
771 2251 809 2303 illi
820 2251 929 2305 ‹lietrmti
940 2251 1043 2306 luerint.
1072 2249 1127 2304 Nec
1138 2252 1214 2306 eliter
1223 2250 1347 2306 Beleemo
1358 2267 1389 2306 ec

230 2337 340 2392 Zoumee
351 2339 450 2408 eliique
458 2338 612 2407 intorpretee
624 2351 738 2390 cenonee
748 2335 808 2389 illce
819 2337 959 2407 explicent

290 2420 402 2493 Στιφῶιη
414 2421 442 2474 ol
452 2422 547 2474 τούτων
558 2419 664 2490 uterere,
677 2417 710 2481 ὡς
722 2418 816 2489 eletio]
840 2421 880 2475 De
895 2421 1049 2476 clericorum
1066 2422 1226 2476 continentie
1242 2437 1274 2476 eo
1289 2423 1388 2476 coelibe

231 2508 278 2560 rite
287 2508 398 2562 illuetrie
412 2506 455 2560 leic
465 2505 604 2577 Epiphenii
618 2506 691 2560 locne
707 2511 754 2561 ece
784 2506 836 2560 Sed
852 2507 881 2560 in
898 2506 1069 2562 catharorum
1085 2505 1186 2560 haeresi
1197 2523 1251 2561 un.
1268 2524 1340 2563 num.
1352 2526 1388 2562 ιν.

231 2591 302 2663 louge
312 2593 430 2664 epertiue
441 2597 520 2662 etque
529 2593 660 2662 iurignine
671 2591 875 2646 ocoleeieetioem
888 2590 939 2645 heo
954 2593 982 2646 in
992 2609 1020 2646 re
1032 2591 1247 2646 cousuetudinem
1258 2593 1388 2664 exposuit

233 2677 307 2732 Docet
316 2679 389 2734 enirn
399 2677 528 2748 imprimie
539 2679 690 2749 episcopum
705 2684 751 2731 ent
761 2676 942 2748 presbyterum
958 2683 1003 2730 eut
1014 2677 1152 2735 &ocenum
1168 2694 1202 2730 en
1219 2677 1330 2748 ‹ligemie
1349 2695 1388 2732 or·

233 2761 309 2816 lineri
317 2764 459 2817 nemmem.
482 2763 550 2817 'lum
561 2779 646 2834 neque
656 2762 705 2817 hoe
715 2778 801 2833 neque
812 2761 1003 2818 eubdleconem
1014 2763 1090 2816 aliter
1100 2763 1247 2818 consecrari
1258 2779 1337 2834 quum
1348 2765 1390 2817 rel

234 2849 322 2915 priore,
338 2864 423 2919 oeque
433 2847 526 2913 unice,
541 2849 653 2918 coniuge
662 2853 781 2913 mortue,
794 2848 835 2901 vel
847 2848 882 2900 eb
892 2847 1009 2901 eiuedom
1020 2848 1132 2902 rivenlie
1143 2849 1274 2902 consortio
1286 2863 1317 2902 eo
1328 2865 1389 2902 con·

234 2934 363 2987 mtudlne
374 2934 526 2997 dietrectoe,
535 2933 589 2986 uiui
596 2934 711 3004 virglrm
723 2933 830 2988 omuino
841 2934 902 2998 siut,
912 2934 1065 3003 preeeertim
1077 2933 1122 2986 nbi
1133 2933 1300 2987 eooleeieetioi
1312 2949 1388 2987 ceno·

235 3033 274 3070 ece
284 3025 405 3072 eccnreu
414 3024 558 3074 eerreuter.
575 3017 642 3072 Nem
651 3018 721 3089 cnoel
731 3019 759 3071 iu
767 3017 924 3089 quibuedem
935 3019 1000 3072 lucio
1008 3017 1164 3088 presbyteri,
1176 3018 1280 3072 ‹ileconi
1291 3023 1318 3071 et
1328 3020 1389 3072 sub·

235 3101 436 3158 uecomflooeoe
445 3103 531 3157 eilruc
541 3103 697 3174 euecipient,
713 3103 741 3157 io
757 3102 883 3158 mucione
900 3102 1014 3172 quedem
1031 3119 1062 3156 eo
1078 3101 1232 3172 dlecipllnee
1244 3105 1390 3173 corruptele

236 3185 295 3252 teri,
310 3195 357 3241 eut
365 3205 428 3242 roro
443 3189 611 3254 meconium,
626 3190 674 3242 ubi
688 3205 735 3259 pro
752 3188 854 3258 ingenti
868 3187 1025 3257 populorum
1035 3185 1202 3240 multitudino
1211 3187 1389 3244 ministrorum

236 3273 303 3340 copie
311 3289 365 3327 nou
375 3275 499 3344 euppetit
516 3274 582 3327 Nem
594 3275 693 3344 elioqui
703 3274 829 3327 eceleeiee
836 3272 939 3326 decreto
951 3271 1102 3325 clericorum
1114 3271 1247 3326 ordinibue
1259 3273 1316 3326 irtio
1328 3289 1388 3327 con·

236 3355 335 3410 tinentie
348 3359 540 3429 preeeorlbitnr.
570 3358 629 3423 Que
642 3357 781 3430 Epipheuii
800 3357 938 3410 autoritete
956 3357 1029 3410 nulle
1044 3363 1090 3410 ent
1105 3357 1251 3427 expressior
1266 3363 1313 3410 eut
1328 3373 1388 3412 eeu·

239 3442 295 3494 etior
304 3442 394 3497 heberi
404 3449 497 3514 potent
521 3444 588 3498 llnio
603 3459 650 3516 per
667 3451 708 3496 eet
723 3459 754 3496 ec
769 3443 905 3514 geminum
916 3443 1068 3512 Hieronymi
1078 3442 1258 3498 teetimouium
1269 3442 1333 3496 illud
1344 3443 1389 3496 ed·

239 3541 319 3580 emeno
329 3528 513 3598 Vigilentinrm
530 3529 589 3598 qui,
606 3535 637 3582 ut
651 3527 702 3582 lroo
718 3535 834 3599 tempore
849 3533 979 3582 noetretee
995 3526 1130 3593 haeretici,
1147 3527 1300 3582 clericorum
1312 3529 1389 3582 certi·

240 3613 343 3666 nouieee
353 3613 531 3684 oppuguebet.
561 3613 751 3682 Qrce'dfeee‘eot,
766 3613 865 3682 inquit,
881 3617 987 3665 orreum
998 3614 1138 3666 eccleciae!
1163 3613 1233 3675 accc
1242 3613 1355 3684 Aepypte'
1365 3625 1391 3668 et

240 3697 296 3747 oce·
306 3699 473 3767 operatione,
490 3717 554 3767 quoe
565 3707 613 3751 oet
621 3690 735 3766 oe'rye'oee
744 3699 853 3750 clen'ooe
863 3701 1007 3766 compleret,
1024 3708 1070 3751 cot
1079 3703 1233 3752 corrmoeutee
1243 3708 1280 3763 et,
1295 3704 1320 3751 ei
1330 3718 1389 3754 oro·

241 3797 274 3830 ree
282 3781 424 3848 Ᾰοονοήαα,
435 3787 525 3836 omne
535 3801 588 3836 eree
600 3785 743 3836 memor!
766 3783 852 3852 Atque
866 3781 918 3836 hoc
932 3783 1038 3853 quidem
1048 3784 1090 3836 vel
1101 3785 1257 3838 recentiores
1269 3783 1389 3838 Graeculi

241 3862 563 3938 buntmpoeteueoeptoe
575 3883 663 3921 eecroe
673 3869 733 3921 illoe
740 3867 845 3921 emlinus
854 3883 965 3921 uxorem
973 3869 1072 3922 nomini
1081 3869 1173 3924 ducere
1181 3869 1295 3924 licuieee.
1314 3868 1389 3932 Quod
1414 3885 1489 3936 pete.

242 3948 268 4001 vl
277 3950 336 4008 Ceu
346 3954 439 4023 Apoet.
447 3969 520 4008 uve.
530 3953 652 4006 Beleemo
668 3959 696 4007 et
705 3953 822 4006 Zoueree
836 3959 993 4022 egnoecnnt
1023 3953 1136 4007 Cerronio
1153 3955 1234 4008 verbe
1248 3959 1322 4008 eunt:
1339 3956 1388 4005 τῶν

242 4030 361 4107 ῑῖωλῆρον
371 4037 544 4107 προιλθόπιον
555 4036 659 4108 ἀγάμων
667 4038 796 4108 κιλώομον
806 4037 969 4107 βουλομένους
979 4041 1065 4107 poprie
1077 4036 1234 4106 ἀναγνώστας
1244 4039 1285 4090 καὶ
1294 4035 1388 4109 ψᾶλοας

243 4119 325 4183 νόννας.
348 4122 390 4176 ee
401 4138 469 4192 queo
479 4121 604 4177 Bdeemo
614 4123 685 4176 iuturl
696 4123 830 4188 emet,
841 4129 902 4176 ente
914 4122 1103 4176 orelluetionem
1113 4123 1291 4193 preebyteroe,
1303 4123 1388 4176 diecu-

243 4217 281 4256 ιον
291 4207 517 4278 etleypodiecouoe
532 4209 655 4278 copolere
668 4208 774 4278 nuptiee
791 4213 870 4277 etque
883 4208 922 4260 ite
937 4207 1050 4260 ordinuri
1064 4207 1194 4277 potuine,
1210 4215 1271 4279 poet
1286 4208 1387 4261 ordine·

243 4287 324 4346 tionem
333 4293 398 4346 eollo
409 4291 459 4346 leoc
469 4293 609 4346 lectoribus
620 4300 648 4346 et
657 4293 807 4346 centurione
821 4291 960 4346 indultum.
984 4289 1064 4344 Addit
1079 4291 1196 4348 Zoneree
1211 4299 1272 4348 ente
1288 4291 1387 4346 ordine-

245 4371 486 4446 lienemiu'terrogeri
494 4379 668 4447 presbytera,
679 4378 803 4431 dieoouoe
813 4384 841 4430 el
848 4377 1049 4448 hypodiaconos,
1062 4393 1096 4434 en
1108 4380 1270 4432 confinenter
1280 4383 1306 4430 ot
1317 4381 1388 4430 cece

245 4458 424 4516 velleutrieere.
440 4460 516 4525 Quor
524 4463 547 4515 ei
555 4463 717 4532 negeveriut,
725 4463 840 4533 permitti
848 4467 879 4515 nt
886 4467 947 4516 ente
955 4461 1386 4518 coueecretionemuxoreeduceut.

247 4539 300 4598 Seue
308 4547 335 4600 iu
344 4547 484 4616 Aucyrm
495 4546 559 4602 (len.
569 4566 596 4602 x.
608 4547 640 4600 de
650 4547 767 4601 dieconie
778 4548 817 4600 ite
826 4547 957 4601 uomitum
967 4546 1070 4616 legitur,
1082 4555 1112 4601 ut
1123 4550 1168 4619 qui
1178 4549 1236 4618 ipeo
1249 4547 1387 4600 ordinetio·

247 4627 278 4678 οὔ
286 4645 343 4684 euee
351 4638 470 4702 tempore
480 4634 619 4686 contectali
629 4633 697 4697 eiut,
712 4649 743 4687 ee
753 4633 852 4702 nuptiis
863 4647 950 4686 cerere
962 4647 1016 4685 nou
1027 4647 1117 4702 pceee,
1129 4634 1238 4702 ideoque
1249 4637 1309 4703 poet
1319 4631 1388 4688 ordi·

248 4713 466 4772 ιΜ’νοοοιιιοῐοο
476 4717 612 4783 duxerim,
628 4717 660 4771 (le
677 4723 747 4770 etetu
762 4733 811 4770 eno
826 4733 880 4772 nou
896 4715 1082 4784 dimoroeutur,
1100 4718 1168 4788 qnod
1182 4717 1217 4770 eb
1227 4719 1349 4790 epieoopo
1360 4719 1388 4772 iel

249 4793 287 4850 ΨΒ
295 4817 443 4858 eouoeemr
452 4801 539 4856 luerit.
567 4803 651 4854 Τοῦτο
663 4801 690 4856 ol
701 4802 721 4855 el
731 4819 791 4862 τινος
802 4803 968 4869 σιωπήσαντος
980 4801 1020 4854 eol
1032 4801 1218 4871 καταδεξάμενον
1228 4800 1253 4855 ἒν
1264 4807 1295 4876 τῇ
1306 4821 1388 4876 χειρο-

250 4883 302 4933 tuelc
311 4885 382 4953 piceo
394 4886 474 4946 circeo
487 4887 548 4957 μετὰ
558 4891 636 4940 ταῦτα
647 4883 723 4954 ἦλθον
735 4885 773 4939 ecl
786 4884 874 4956 γάμον,
886 4887 1023 4939 πεπαῦσθαι
1036 4887 1123 4948 αὐτοὺς
1133 4891 1174 4956 τῆς
1184 4887 1317 4950 διακονίας
1331 4889 1387 4942 Hoc

288 4985 345 5039 cero
356 4990 528 5032 cormeum
1162 4971 1185 5026 U
