3650 5642
446 612 541 667 CLXX

445 769 503 821 citis
515 766 548 820 ad
559 782 635 821 enam
646 766 718 821 illam
730 766 889 837 probandam
901 767 1059 820 sententiam
1069 764 1157 831 affert,
1173 765 1274 819 nullum
1284 764 1417 819 dubitandi
1426 766 1518 819 locum
1529 766 1594 819 relin—

445 859 534 923 quunt.
552 852 708 906 statuebant
718 852 788 905 enim
799 852 913 905 seniores
926 853 965 905 illi
974 852 1211 922 postcommissum
1219 850 1408 921 aequinoctium
1418 851 1452 903 ad
1460 867 1595 921 vesperam,

445 954 496 1009 quo
508 944 623 1008 tempore
634 938 698 989 luna
709 938 736 991 in
748 938 828 991 altero
841 938 1002 1007 aequinoctio
1015 937 1148 1006 ereglone
1161 936 1244 990 solem
1259 936 1373 1007 respicit,
1389 935 1433 1003 cip
1449 939 1503 988 τῶν
1520 936 1595 1004 διαβα-

444 1022 533 1092 τηρίων
545 1021 637 1091 ἑορτὴν,
649 1021 698 1075 hoo
711 1028 749 1075 est
760 1008 856 1092 paeoira
867 1023 999 1075 Iudaicum
1011 1022 1056 1092 agi
1066 1022 1169 1077 debere.
1204 1021 1260 1075 lloc
1270 1026 1356 1074 autem
1372 1040 1427 1077 ιιι.
1439 1023 1508 1075 luna
1518 1021 1549 1073 ad
1559 1036 1596 1073 re

444 1124 546 1178 speram
562 1107 719 1161 celebratum
737 1113 785 1160 est
819 1108 887 1177 Ergo
905 1124 959 1161 ιιι.
975 1108 1003 1160 in
1020 1108 1108 1177 ipsum
1125 1107 1319 1177 aequinoctium
1334 1107 1424 1160 cadere
1442 1107 1536 1171 debet,
1550 1122 1597 1159 nou

442 1192 606 1263 praecedere;
623 1193 685 1262 quia
696 1190 756 1261 μετὰ
768 1190 810 1259 τὴν
823 1190 959 1261 ἰσημερίαν,
974 1199 1005 1245 nt
1014 1193 1119 1263 saepius
1131 1192 1236 1262 repetit,
1251 1191 1354 1245 ludaico
1366 1190 1468 1261 pascha
1477 1208 1597 1264 peragen-

443 1279 505 1331 dum
516 1284 564 1333 eet.
584 1277 649 1330 Gnm
658 1278 738 1346 igitur
747 1278 773 1331 id
782 1277 851 1347 qnod
859 1277 963 1329 dixerat
970 1293 1003 1329 ex
1013 1277 1167 1331 ludaeorum
1176 1277 1310 1331 doctorum
1319 1278 1448 1330 mnmntia
1456 1278 1598 1347 proiectum

442 1369 552 1427 asserat,
565 1362 652 1416 ludaei
664 1380 740 1433 porro
753 1380 806 1417 xrv.
818 1368 985 1431 negentante
993 1363 1187 1431 aequinoctium
1194 1361 1372 1432 indiciposee,
1381 1362 1554 1415 manifestum
1564 1369 1598 1413 ert

443 1448 591 1501 Anatolium
602 1448 671 1501 nolle
683 1466 737 1503 arv.
750 1454 809 1501 ante
820 1448 906 1516 ipsum
918 1448 1076 1517 aequinoctii
1084 1448 1153 1500 diem
1164 1452 1285 1501 smtuere
1302 1447 1453 1501 Praetertim
1462 1464 1525 1500 cum
1534 1446 1598 1499 Chri·

443 1534 528 1586 stiana
536 1551 589 1587 ιιι.
600 1548 632 1585 ex
642 1534 821 1587 vetustissima
829 1532 968 1585 traditione
975 1533 1003 1585 iu
1012 1532 1205 1602 aequinoctium
1216 1532 1315 1603 ipsum,
1325 1550 1377 1586 non
1385 1538 1447 1585 ante
1455 1532 1529 1586 lrunc
1536 1532 1598 1583 diem

442 1618 554 1672 incidere
566 1618 664 1673 debeat
699 1617 825 1681 Quocirca
836 1618 932 1670 vitiosa
942 1624 983 1669 est
992 1619 1101 1687 vulgata
1110 1618 1156 1670 illa
1166 1618 1243 1671 lectio
1260 1616 1314 1669 κατ’
1324 1616 1410 1685 aitte,
1426 1624 1458 1671 et
1473 1615 1530 1668 κατ’
1542 1616 1596 1667 atti

442 1703 644 1759 rescribendum.
673 1704 747 1757 Hunc
761 1703 873 1755 Anatolii
883 1703 971 1755 locum
982 1703 1140 1755 novissimus
1152 1700 1277 1773 interpres
1289 1703 1358 1771 (narn
1370 1703 1400 1755 de
1410 1702 1524 1756 Ruffino
1534 1708 1596 1771 post·

442 1788 549 1841 modum
562 1791 681 1859 agennum
693 1804 853 1858 magnopere
865 1788 1022 1857 depravavit
1055 1788 1100 1841 Sic
1111 1788 1181 1841 enirn
1192 1788 1280 1840 vertit:
1305 1789 1468 1858 Quapropter
1479 1792 1525 1857 qni
1530 1790 1597 1855 pria·

443 1878 536 1944 erptiam
541 1878 623 1943 primi
633 1877 761 1925 moretoin
773 1875 817 1925 illo
828 1890 900 1928 ιιιι.
912 1876 954 1925 die
962 1872 1118 1926 phamenoth
1127 1882 1290 1941 eaaepatuot,
1302 1874 1338 1925 ud
1348 1890 1401 1927 ιιι.
1411 1875 1481 1926 dieas
1489 1875 1597 1942 pretim

442 1962 576 2011 secundom
587 1960 656 2011 illam
661 1962 756 2026 sestam
764 1958 902 2027 paschatis
914 1960 1092 2011 celebrandum
1102 1966 1227 2020 anement,
1245 1974 1285 2011 eoa
1295 1957 1448 2010 uehementer
1459 1975 1552 2011 omre
1563 1958 1596 2005 di·

443 2048 528 2095 rimor.
546 2043 650 2096 Putavit
658 2045 726 2112 αὐτῷ
736 2042 769 2095 ad
780 2060 852 2097 ιιιι.
862 2042 929 2097 mem
938 2044 1079 2113 pertinere,
1091 2060 1150 2096 cum
1160 2042 1191 2095 ds
1199 2046 1330 2112 postremo
1338 2042 1457 2112 signiiari
1465 2048 1596 2113 segmento

442 2130 477 2181 ait
488 2128 674 2198 accipiendum.
710 2127 884 2191 Quamobrem
900 2146 934 2181 ex
949 2128 1087 2199 disputetis
1102 2127 1227 2181 humanm
1241 2133 1347 2198 apparet
1359 2128 1475 2197 primurn
1486 2140 1595 2180 mensem

442 2214 593 2284 Tropicum,
605 2214 659 2267 sire
671 2214 768 2285 Κριῶνα
778 2214 821 2267 hio
832 2214 866 2267 ab
877 2214 998 2267 Anatolio
1009 2214 1128 2283 intelligi.
1147 2213 1238 2283 Neque
1249 2214 1317 2265 enim
1326 2214 1426 2266 lunaria
1436 2230 1498 2267 ease
1508 2217 1596 2282 potest

442 2316 501 2352 cum
516 2299 544 2352 in
555 2299 731 2354 Alexandrino
747 2300 819 2369 cyclo
837 2301 975 2354 neomenia
990 2300 1068 2370 primi
1084 2300 1182 2353 mensis
1199 2299 1272 2368 cyclo
1283 2299 1366 2369 primo
1381 2299 1415 2352 sit
1424 2299 1516 2353 Martii
1526 2312 1594 2350 nur·

441 2384 508 2438 Nam
520 2384 688 2439 Alexandrini
705 2386 771 2454 cycli
788 2401 872 2437 annus
888 2386 987 2453 primus
1004 2383 1154 2455 paschalem
1169 2385 1333 2437 neomeniam
1343 2384 1377 2437 ab
1387 2382 1438 2437 hoc
1447 2384 1492 2437 die
1501 2381 1594 2451 incipit

441 2471 592 2525 Latinorum
610 2487 670 2524 vero
687 2476 749 2540 post
763 2470 970 2524 Alexandrinum
984 2477 1118 2541 receptum
1133 2470 1232 2539 primus
1247 2471 1335 2538 cyclus
1351 2470 1409 2521 iniit
1418 2470 1481 2539 Apr.
1490 2488 1540 2530 ιι,
1554 2465 1594 2535 qui

443 2562 483 2610 eet
493 2556 684 2609 Alexandrinus
696 2556 783 2624 cyclus
794 2556 915 2619 nldmne,
931 2563 961 2608 nt
971 2556 1046 2620 alibi,
1063 2556 1112 2609 deo
1124 2555 1215 2619 dante,
1231 2554 1315 2608 insius
1325 2554 1485 2608 docebimua
1508 2554 1561 2622 [Sic
1572 2556 1595 2601 et

442 2642 595 2695 Ambrosius
606 2641 634 2693 in
646 2642 756 2711 epistola
767 2640 799 2693 ed
808 2640 935 2693 Aemiliae
946 2642 1095 2711 episcopos:
1108 2642 1207 2693 Incidit
1214 2650 1295 2692 uuum
1306 2645 1397 2692 memte
1407 2660 1455 2693 noa
1464 2640 1594 2693 mama

442 2730 572 2795 culparem
584 2742 665 2789 amm,
683 2728 729 2778 aed
738 2728 873 2777 occandum
885 2729 1086 2779 consuetudinem
1096 2730 1238 2795 peritorum
1255 2726 1287 2777 ab
1304 2729 1470 2795 aequinoctio,
1488 2730 1532 2796 qai
1545 2726 1593 2776 dies

443 2821 481 2864 eet
496 2814 640 2864 duodecimo
653 2810 715 2863 Kal.
725 2811 793 2879 Apr.
806 2819 830 2862 ct
838 2813 932 2879 finitur
946 2813 1077 2863 orrdeciaro
1089 2811 1153 2863 Kal.
1165 2810 1232 2864 Mai.
1267 2811 1330 2863 Iade
1346 2814 1454 2863 munim
1467 2816 1539 2863 istro
1554 2808 1593 2857 bo·

442 2901 549 2965 triptota
561 2905 585 2947 et
595 2914 669 2947 unum
681 2897 736 2947 dies
747 2912 823 2964 saepe
835 2896 959 2948 celebrati
965 2895 1084 2965 porciae
1095 2898 1172 2962 dice]
1202 2895 1267 2949 (ium
1282 2896 1361 2965 igitur
1375 2898 1514 2950 neomenia
1523 2891 1593 2965 priuti

442 2982 539 3036 mensis
556 2980 655 3034 lunaris
673 2996 704 3033 ea
721 2980 767 3044 eit,
785 2994 851 3049 quae
868 2986 930 3049 post
945 2980 1137 3049 aequinoctium
1153 2982 1271 3051 proxime
1289 2982 1412 3050 seqnitur,
1429 2988 1539 3052 apparet
1552 2994 1593 3031 cur

442 3066 612 3121 Alexandrini
623 3072 649 3119 et
660 3082 705 3119 eos
718 3066 800 3119 secuti
812 3064 920 3119 Nicaeni
930 3071 1018 3137 patres
1029 3067 1131 3136 cyclum
1143 3084 1161 3121 1.
1176 3066 1263 3119 llarlil
1272 3082 1350 3121 ιιιιι.
1365 3067 1515 3131 statuerint,
1531 3060 1593 3135 qood

441 3153 559 3207 videlicet
570 3150 684 3205 Anatolii
694 3156 905 3222 caeterorumque
917 3150 1047 3222 paschalis
1061 3153 1128 3221 cycli
1144 3152 1304 3205 conditorum
1314 3152 1357 3204 vel
1371 3157 1488 3221 tempore
1500 3152 1541 3205 vel
1555 3150 1593 3201 de

441 3246 511 3293 creto
523 3238 681 3309 aequinoctii
692 3238 766 3291 sedes
778 3243 848 3291 esset
858 3238 948 3291 Martii
958 3256 1023 3292 xxrr.
1047 3236 1120 3291 Unde
1131 3238 1192 3290 licet
1202 3237 1392 3306 aequinoctium
1402 3238 1430 3289 in
1441 3256 1497 3291 ιιι.
1509 3242 1593 3308 postu

441 3326 583 3390 transierit,
600 3341 648 3377 uec
659 3324 747 3377 citima
758 3325 896 3377 neomenia
912 3340 978 3377 ιιιι.
990 3323 1079 3377 Mutii
1091 3322 1240 3392 contigerit,
1256 3320 1422 3375 nibilominus
1433 3324 1538 3391 cyclum
1547 3319 1592 3391 prl-

441 3428 515 3465 mum
531 3410 611 3463 veteri
628 3410 740 3463 statione
757 3426 810 3462 non
828 3408 999 3461 dimoverant
1033 3407 1118 3471 Quare
1134 3407 1271 3461 neomenia
1285 3406 1409 3471 Krionos,
1429 3408 1484 3460 sive
1500 3406 1593 3461 mensis

441 3496 518 3565 primi
530 3496 622 3547 solerie
634 3500 675 3547 eet
690 3494 793 3547 citimus
810 3494 937 3546 terminus
953 3492 1096 3563 paschalis,
1114 3494 1168 3546 slve
1184 3510 1252 3557 arn,
1270 3508 1337 3563 quae
1354 3508 1388 3545 ex
1402 3493 1518 3545 Anatolii
1534 3492 1591 3546 seito

441 3580 561 3631 convenit
572 3580 644 3646 cpclo
655 3596 679 3632 v.
703 3577 769 3630 Nam
782 3577 870 3646 cyclus
882 3578 1139 3643 decemnovennalis,
1150 3579 1205 3631 sire
1215 3577 1357 3647 paschalis,
1369 3582 1459 3631 autore
1469 3576 1553 3642 Beda,
1564 3574 1592 3628 ad

441 3664 565 3715 terminos
578 3662 632 3714 sive
645 3662 759 3714 decimas
770 3667 875 3731 quartas
887 3663 990 3715 lunares
1001 3663 1195 3733 investigandae
1207 3663 1415 3717 accommodatae
1430 3669 1483 3727 est,
1499 3664 1540 3717 uti
1555 3676 1593 3729 ey·

441 3748 497 3800 clus
509 3747 608 3799 lunaris
620 3746 652 3798 ad
664 3746 804 3799 novilunia.
839 3746 951 3817 Ideoque
962 3750 1054 3801 merito
1066 3749 1164 3819 primae
1175 3746 1303 3819 paschalis
1313 3749 1410 3811 mensis
1420 3748 1535 3818 aprima
1544 3764 1591 3801 ιιι.

442 3833 537 3902 coepit,
553 3830 602 3885 hoo
619 3836 660 3883 est
676 3831 709 3883 ab
726 3831 882 3901 aequinoctii
897 3832 951 3896 die,
967 3834 1037 3902 quod
1053 3834 1187 3887 Anatolius
1202 3834 1230 3886 in
1244 3834 1330 3897 Martii
1340 3851 1404 3887 ιιιι.
1420 3835 1591 3887 constituerat.

440 3916 553 3987 indeque
564 3920 667 3969 constat
678 3932 730 3969 non
742 3916 769 3969 iu
782 3917 902 3970 omnibns
913 3918 1043 3987 paschalis
1054 3920 1152 3972 mensis
1163 3918 1253 3971 diebne
1264 3918 1361 3989 pascha
1375 3918 1500 3971 celebrari
1509 3932 1590 3989 posse,

341 4018 362 4059 a·
372 4006 415 4049 1⁹2
441 4002 487 4057 aed
498 4002 663 4055 neomeniam
673 4002 728 4055 eins
738 4002 836 4073 excipi,
848 4008 976 4072 quaeest,
987 4004 1102 4069 ntidixi,
1114 4022 1165 4057 ιιι.
1174 4004 1240 4072 cycli
1248 4022 1272 4057 v.
1289 4003 1364 4067 Quod
1371 4004 1457 4073 ipsum
1465 4009 1494 4055 et
1501 4006 1590 4057 Anato

440 4090 491 4143 lion
502 4087 612 4151 indicat,
629 4104 689 4141 oum
701 4106 745 4141 eoa
757 4086 921 4159 reprehendit
930 4089 976 4157 qui
987 4089 1014 4141 iu
1026 4089 1151 4159 superiori
1162 4094 1309 4157 segmento,
1327 4089 1397 4159 quod
1412 4088 1533 4142 ultimum
1548 4095 1589 4148 est,

441 4174 554 4246 primum
564 4188 682 4227 mensem
694 4180 719 4226 et
731 4192 783 4228 arv.
795 4174 914 4227 lunarem
925 4174 1061 4227 collocant
1086 4173 1252 4243 Consequens
1263 4175 1333 4227 enim
1344 4179 1385 4226 eat
1395 4173 1509 4227 decimas
1520 4190 1589 4243 qnar-

442 4268 483 4313 tas
493 4260 596 4313 lunares
609 4274 699 4311 omnes
710 4259 778 4312 intre
789 4260 866 4329 primi
877 4260 975 4311 mensis
987 4258 1113 4329 epocham
1124 4258 1244 4315 coireeri.
1270 4258 1344 4323 Quod
1356 4276 1416 4313 cum
1426 4258 1499 4311 Beda
1508 4260 1589 4311 minus

441 4343 678 4408 animadvertisset,
693 4343 759 4397 ialso
777 4343 884 4397 credidit
895 4344 1044 4397 Anatolium
1059 4360 1117 4397 eam
1132 4344 1207 4415 primi
1218 4344 1315 4398 mensis
1325 4345 1490 4398 neomeniam
1500 4344 1589 4397 consti·

441 4432 535 4495 tuisse,
547 4430 574 4482 ln
586 4444 664 4499 quarn
676 4428 793 4483 citimum
803 4428 901 4499 pascha
911 4430 1069 4483 conveniret.
1092 4428 1157 4483 Nam
1169 4430 1213 4499 qul
1224 4434 1305 4499 negat
1314 4448 1367 4484 ιιι.
1375 4428 1523 4499 paschalem
1534 4436 1588 4482 ants

441 4516 544 4569 initium
556 4514 633 4585 primi
644 4514 741 4567 mensis
755 4514 879 4579 incidere,
896 4514 974 4583 idque
988 4514 1075 4583 ipsum
1090 4516 1187 4567 mensis
1202 4514 1305 4568 initium
1315 4532 1351 4570 ιι.
1359 4514 1417 4570 Kal
1428 4513 1497 4583 figit,
1512 4514 1587 4567 mani·

441 4599 507 4652 leste
518 4599 637 4671 prohibet
646 4600 704 4670 ipso
715 4600 812 4652 mensis
829 4600 902 4653 initio
918 4596 1017 4669 pascha
1032 4598 1167 4665 celebrari,
1183 4599 1253 4669 qood
1269 4602 1291 4653 si
1305 4599 1364 4666 liat,
1378 4601 1433 4652 iarn
1447 4615 1503 4655 ιιι.
1520 4606 1588 4652 extra

441 4684 533 4754 prioris
546 4686 642 4739 mensis
653 4684 719 4737 fines
731 4684 817 4754 egredi
830 4691 856 4737 et
867 4686 894 4737 in
906 4685 1026 4737 ultimum
1036 4684 1107 4737 reiiei
1118 4700 1223 4737 neceass
1234 4686 1277 4739 sit.

508 4768 575 4821 Nam
592 4770 661 4839 quod
677 4769 838 4840 aequinoctio
854 4770 962 4822 biduum
978 4769 1058 4821 tribui
1073 4774 1303 4838 oportersnarrat,
1318 4786 1402 4840 eoque
1412 4769 1458 4839 qui
1468 4770 1586 4840 posterior

443 4858 482 4907 est
493 4852 533 4905 die
545 4852 640 4922 pascha
652 4854 787 4919 celebrari,
805 4853 836 4907 de
852 4870 903 4925 quo
916 4860 942 4908 et
953 4854 1101 4909 Anamlimn
1112 4842 1183 4925 loqui
1193 4861 1280 4925 potat,
1297 4872 1386 4910 verum
1400 4855 1428 4909 id
1438 4854 1540 4925 quidem
1551 4862 1586 4908 eet
