3650 5642
1321 532 1385 590 cdv

251 686 294 738 bna
301 684 480 749 adstiuisw,
491 701 551 739 cnm
559 685 708 755 capitalium
717 686 843 739 scalmum
851 686 901 751 rei,
909 686 1113 757 praesertimque
1121 688 1210 751 ιιίιιιιι,
1219 686 1386 753 idololatriae,

251 768 367 823 homicidii
377 775 407 823 οι
418 770 536 823 adultarh
546 771 622 836 olim,
633 776 664 823 ιιι
672 770 837 825 Innocentius
849 771 936 835 docet,
948 772 1079 825 communi
1090 772 1273 827 cousuetudine
1284 773 1386 827 veniam

251 856 336 907 nullm
346 861 373 907 et
382 856 575 909 ahsolutionem
585 856 743 920 obtinerent;
758 872 812 909 non
828 855 897 926 quod
915 856 1014 909 absolvi
1029 857 1063 910 ab
1079 857 1188 911 ecclesia
1202 874 1255 911 non
1271 864 1386 928 possent,

253 940 447 993 ntTertullisnus
454 941 598 1006 membat,
607 941 653 994 sed
661 940 731 1011 quod
739 941 807 1005 eius,
816 956 896 1010 quarn
904 942 1092 1011 amplissimum
1100 940 1224 997 sGhristo
1232 948 1387 1013 smcaperat,

252 1032 350 1094 potestus
360 1042 443 1078 nsum
452 1026 531 1079 certis
540 1025 637 1079 finibus
648 1026 888 1095 ohouosoripsisset

305 1110 366 1163 lluic
377 1116 435 1163 tam
445 1116 591 1181 compertae
602 1111 803 1181 expletumque
813 1110 945 1165 doctrinae
955 1112 1041 1165 nullos
1053 1112 1137 1165 aerim
1147 1118 1337 1182 repugnaturos
1347 1113 1387 1165 iu·

253 1194 325 1263 telligo
336 1211 416 1264 quam
426 1196 474 1265 qui
485 1196 646 1265 antiquitatis
656 1196 845 1249 ecclesiasticae
855 1196 943 1249 minus
953 1197 1029 1267 periti
1039 1198 1132 1251 ueteris
1143 1197 1266 1251 ecclesiae
1275 1195 1388 1251 iormarn

254 1276 365 1333 hodiernis
375 1281 470 1334 ritibus
480 1280 657 1350 institutisque
668 1281 822 1347 metiuntur;
833 1282 928 1350 quibus
939 1296 1060 1351 aepemm
1068 1286 1094 1335 et
1101 1280 1272 1335 inhumanum
1279 1281 1388 1347 uidetur,

254 1361 336 1417 lomim
345 1365 404 1429 ulli,
416 1366 464 1435 qni
474 1366 607 1419 commissi
616 1366 730 1419 criminis
742 1365 858 1419 dolorem
869 1382 900 1418 ac
908 1366 1093 1437 poenitendam
1101 1382 1163 1443 prae
1172 1382 1201 1419 aa
1208 1366 1286 1431 ierat,
1297 1380 1388 1437 pacem

254 1454 274 1499 et
282 1449 464 1503 absolutionem
475 1449 606 1521 denegari.
622 1450 697 1514 Quod
707 1451 793 1521 ipsum
803 1455 891 1503 tamen
903 1451 965 1503 olim
977 1456 1046 1504 certo
1058 1452 1085 1503 in
1093 1450 1228 1505 hominum
1239 1452 1387 1505 eriminum

255 1548 293 1600 qne
302 1550 392 1602 genere
402 1535 626 1589 sorntnmluisse
635 1542 676 1588 tot
685 1536 731 1587 illa
741 1534 866 1589 humanm
877 1536 955 1589 allata
964 1536 1113 1589 testimoma
1124 1536 1309 1590 demonstrent.
1326 1536 1388 1600 Qui·

254 1616 292 1668 bns
304 1634 382 1671 mum
397 1620 543 1673 alterumue
558 1620 591 1673 ad
607 1621 739 1673 cumulum
755 1620 874 1684 accedat,
891 1624 921 1673 ut
935 1621 977 1673 vel
993 1620 1026 1675 ab
1037 1620 1125 1675 iuriis
1136 1636 1273 1675 munaum
1283 1622 1388 1675 resista

254 1708 371 1757 momatur.
400 1704 442 1757 Ac
457 1705 571 1775 primum
580 1705 650 1759 idom
660 1720 714 1759 non
725 1705 834 1758 obscure
845 1704 989 1774 Cyprianus
1000 1705 1098 1759 indicet
1107 1705 1225 1775 Epistola
1235 1722 1292 1761 rur.
1321 1705 1387 1759 (luno

255 1787 310 1839 enin
318 1788 381 1857 ispei
389 1789 499 1859 quidam
509 1790 609 1843 libellos
625 1807 643 1843 a
653 1790 810 1858 martyribus
825 1791 1019 1860 impetrassent,
1036 1791 1131 1860 quibua
1146 1790 1205 1845 irati
1218 1790 1298 1860 recipi
1314 1806 1344 1843 se
1359 1791 1388 1845 iu

257 1872 358 1926 eclesiae
373 1874 587 1929 communionem
596 1875 762 1946 impatienter
776 1880 907 1945 peterent,
924 1876 1057 1929 consultus
1069 1891 1100 1929 ea
1111 1875 1141 1928 de
1154 1892 1182 1929 re
1194 1875 1338 1946 Cyprianus
1349 1877 1388 1929 ita

257 1958 379 2011 contituit:
407 1959 442 2012 Ut
451 1963 496 2028 qui
506 1961 602 2013 Kleitor
612 1980 631 2013 o
641 1960 795 2027 sumbus
806 1971 971 2030 occeperunt,
988 1969 1013 2013 et
1019 1963 1211 2030 proeroyotiois
1222 1977 1305 2013 eorors
1317 1962 1389 2030 opud

259 2042 313 2093 dces
322 2045 444 2097 odiam
449 2055 569 2114 poseant,
582 2050 609 2098 η’
622 2048 775 2099 incommodo
786 2047 872 2116 oliqw
883 2054 907 2098 et
917 2047 1072 2114 infimitatis
1077 2046 1194 2114 periodo
1205 2047 1325 2115 occupati
1327 2048 1387 2113 ¹licre·

258 2130 305 2189 dur,
314 2145 357 2179 sos
366 2138 503 2198 apertura
509 2135 660 2199 procando
670 2139 759 2183 ooetru
770 2132 842 2199 opud
847 2130 1021 2199 presbyteram
1036 2146 1206 2199 quemcunque
1218 2139 1386 2200 praesentem,

259 2212 297 2274 cel,
310 2215 476 2282 etpresbyter-
489 2225 604 2284 repertus
620 2219 769 2283 nosfisers't,
787 2227 812 2269 er
825 2233 916 2283 orooro
933 2218 1012 2267 witra
1028 2218 1149 2284 coeperit,
1166 2217 1238 2284 opud
1255 2217 1388 2267 diocorum

260 2302 426 2363 umescens
437 2299 637 2368 exbomolopeeio
647 2302 736 2355 delicti
745 2306 786 2354 roi
796 2304 907 2370 possiet,
924 2309 1041 2351 otmoaa
1058 2304 1095 2351 eis
1108 2304 1136 2351 s'n
1147 2302 1327 2369 poenitentium
1341 2306 1387 2352 im·

257 2385 335 2445 positu
344 2388 446 2436 most
457 2386 495 2437 od
502 2386 625 2437 minam
635 2403 771 2455 cumpace.
788 2386 844 2439 lloo
854 2385 906 2437 illis
919 2384 1046 2437 duntaxat
1057 2384 1201 2454 Cyprianus
1211 2383 1330 2449 indulsit,
1342 2384 1387 2454 qui

259 2462 338 2519 libellos
347 2483 363 2520 a
373 2469 532 2539 martyribus
544 2472 714 2541 accepissent,
729 2476 856 2535 cmteros,
873 2471 919 2540 qui
929 2470 992 2523 iisce
1002 2470 1096 2523 libellis
1108 2474 1237 2535 carerent,
1251 2474 1386 2540 expectare

261 2548 329 2603 ordo
338 2553 423 2619 imsit,
435 2554 518 2608 donec
529 2556 652 2609 ecclesiae
662 2572 715 2627 pax
726 2561 795 2609 esset
804 2555 912 2609 reddita
930 2553 1102 2619 Quamobrem
1112 2571 1146 2608 ne
1157 2555 1184 2608 in
1192 2554 1323 2625 prasenti
1331 2554 1387 2624 qui·

262 2630 306 2687 den
314 2640 397 2693 nortis
408 2640 557 2693 manuhe
566 2642 753 2711 posterioribus
764 2641 816 2693 illis
826 2656 917 2711 paoem
928 2640 1026 2693 tribuit
1056 2640 1160 2709 Alioqui
1170 2638 1236 2693 nihil
1245 2640 1311 2693 iuter
1321 2640 1386 2693 istos

262 2721 370 2788 tonora
380 2726 530 2790 interesset,
541 2741 607 2795 quos
617 2730 706 2779 tamen
717 2726 817 2779 meliori
827 2726 916 2796 aliqua
926 2724 1072 2779 conditione
1082 2726 1121 2779 uti
1132 2725 1251 2794 oportuit
1272 2727 1307 2777 At
1317 2726 1387 2779 eninr

263 2802 444 2879 exhomologesis
461 2809 531 2880 apud
547 2809 704 2882 Cyprianum
720 2811 945 2875 sumomontalem,
962 2816 992 2863 nt
1005 2814 1112 2874 uocant,
1128 2809 1317 2864 contessionem
1333 2826 1387 2863 non

262 2888 379 2958 ignibat,
394 2911 481 2965 neque
490 2911 546 2965 pax
555 2896 736 2966 absolutioque
747 2896 793 2948 ills
802 2896 907 2966 pan'nde
918 2896 1075 2949 smramenti
1083 2911 1144 2965 pers
1154 2895 1218 2959 luit,
1233 2910 1294 2949 ouon
1309 2894 1388 2949 etiarn
1413 2917 1434 2957 o.
1442 2905 1486 2947 ssa

263 2973 372 3033 edacono
382 2996 479 3034 manus
488 2981 589 3051 imponi
597 2981 699 3045 iubeat,
709 2981 761 3033 nisi
770 2981 915 3050 presbyteri
925 2981 999 3049 copia
1011 2985 1166 3050 suppeteret.
1186 2978 1226 3033 De
1237 2978 1388 3033 exhomolo-

263 3060 305 3123 itti
313 3061 388 3119 ditem
397 3072 493 3136 postea
503 3066 629 3135 pluribus.
648 3064 722 3129 Quod
732 3065 766 3117 ad
777 3081 868 3135 pacem
878 3064 1163 3133 reconciliationemque
1170 3065 1294 3133 pertinet,
1305 3064 1387 3117 soien-

264 3141 308 3196 diu
315 3156 351 3200 est
360 3148 490 3219 duplicem
499 3151 527 3204 in
539 3167 571 3203 ea
580 3155 681 3219 partam
691 3166 723 3203 ac
733 3150 805 3203 salut
818 3150 931 3203 fructum
948 3148 1073 3203 extitisse.
1106 3148 1174 3201 Nam
1191 3154 1218 3201 et
1233 3164 1251 3201 a
1265 3150 1387 3219 peccatis

264 3222 299 3279 Aac
307 3238 341 3284 est
348 3234 426 3304 culpa
436 3235 506 3305 ipss,
518 3252 596 3305 qnam
607 3236 729 3289 diuturna
736 3234 896 3306 poenitentia
903 3233 1043 3298 diluerem,
1054 3232 1262 3298 absolvebantur,
1273 3238 1300 3286 ot
1309 3234 1337 3287 in
1347 3233 1386 3287 in·

264 3316 342 3380 lturon
351 3321 465 3373 restituti
475 3319 508 3372 ad
518 3320 660 3391 perlectum
671 3336 731 3373 cnm
742 3320 851 3373 ecclesia
861 3319 1032 3388 fidelibusque
1043 3317 1227 3371 commercium
1242 3332 1273 3371 ao
1289 3317 1387 3371 diuino·

265 3406 487 3470 munystariorum
497 3406 706 3459 communionem
716 3404 911 3460 adhibebantur.

313 3484 372 3541 Cum
380 3490 463 3559 igitur
474 3491 507 3543 ab
518 3490 632 3543 anhelito
640 3491 682 3543 sol
690 3490 823 3545 sacerdote
833 3506 925 3561 paoem
937 3489 1095 3559 acciperent,
1106 3494 1245 3559 utrumque
1254 3488 1387 3543 meban-

265 3571 301 3621 ltt.
327 3570 371 3625 din
385 3576 458 3628 nulla
468 3576 632 3629 sacerdotum
643 3580 712 3629 esset
721 3580 852 3645 potestas,
868 3581 925 3627 tum
936 3574 1059 3628 ecclesiae
1069 3574 1248 3629 tantummodo
1259 3574 1388 3629 conciliati

267 3658 477 3715 Wenadiaconis
486 3660 664 3729 impetrabant,
673 3661 747 3713 cuins
757 3661 888 3713 cumulum
897 3675 913 3711 a
921 3660 1053 3713 sacerdota
1060 3659 1226 3731 postmodum
1234 3659 1387 3715 obtinerent.

267 3732 329 3795 Quare
340 3740 479 3814 Cyprianus
489 3745 584 3799 libellis
593 3750 736 3814 martyrum
747 3745 892 3814 praeditos,
902 3745 926 3797 ei
937 3745 1024 3799 minus
1035 3750 1187 3815 utrumqne,
1199 3745 1309 3797 alterum
1320 3750 1388 3799 core

267 3816 392 3881 hadom
403 3830 526 3899 consequi
536 3831 631 3894 uoluit,
642 3846 694 3899 quo
705 3829 876 3883 eucharistiae
887 3830 981 3883 autern
992 3836 1124 3900 compotes
1135 3829 1192 3883 lieri
1202 3836 1316 3899 possent
1338 3829 1388 3883 lle·

268 3918 303 3969 iut
310 3912 369 3965 euim
377 3915 524 3967 exhumare
532 3915 605 3977 licet,
616 3914 643 3967 id
651 3913 720 3983 quod
729 3913 855 3977 hodiem,
866 3916 938 3983 priua
945 3915 1029 3969 illosa
1039 3914 1152 3984 peccatis
1163 3914 1297 3969 absolutos
1308 3930 1388 3985 quarn

268 3993 408 4062 moesta,
423 3998 473 4053 hoc
488 4004 529 4051 ast
544 4014 680 4067 corporum
696 3998 789 4068 poenis
804 4014 836 4051 ao
847 3999 972 4053 lnowosia
984 3998 1102 4053 sordibus
1113 3998 1238 4053 ecclesiae
1248 3998 1388 4053 subelecta·

268 4081 315 4130 teht
332 4080 392 4135 Huic
402 4083 507 4148 affines,
522 4082 568 4136 sed
579 4083 694 4137 mitiores
705 4088 795 4137 tamen
804 4084 918 4154 reliquae
929 4084 989 4137 illue
1004 4096 1132 4137 cmonum
1143 4085 1290 4139 sanctiones
1302 4099 1332 4136 ao
1342 4098 1386 4151 pa·

269 4161 318 4212 itm
326 4162 420 4221 dante
430 4175 503 4233 sunt,
514 4183 581 4239 quae
589 4169 767 4239 peccatoribus
775 4170 907 4223 nonnullis
915 4172 1066 4239 perpetuam
1074 4168 1259 4237 poenitentiam
1267 4168 1304 4221 ita
1314 4182 1386 4236 praa·

269 4244 369 4315 ιιῐίιιιιιι,
379 4269 511 4323 nunquam
522 4260 553 4306 ut
563 4255 771 4308 communionem
782 4254 1081 4322 reconciliationemque,
1093 4252 1144 4307 nisi
1154 4253 1182 4305 in
1190 4253 1243 4305 fine
1251 4252 1319 4305 vitae
1329 4266 1386 4319 per-

270 4326 363 4393 ciperani„
379 4336 527 4392 Cuiusmodi
537 4347 599 4391 aaut
610 4339 700 4393 Basilii
710 4339 744 4392 ad
751 4337 960 4409 Amphilochium
970 4336 1031 4389 (lan.
1039 4352 1140 4401 nxxnr,
1151 4338 1301 4405 Anoyrunua
1311 4352 1386 4391 uana

270 4406 306 4465 5³¹1
314 4430 328 4467 a
336 4420 405 4474 nobis
416 4424 496 4478 citati.
530 4424 635 4479 Accedit
650 4431 676 4477 et
685 4424 781 4477 Arelat.
794 4442 811 4479 1.
827 4423 917 4477 Canon
930 4440 983 4475 arv.
1017 4422 1057 4475 De
1068 4421 1108 4473 dis
1125 4426 1168 4493 qos'
1174 4424 1247 4491 falso
1264 4430 1389 4475 ucweoot

267 4498 342 4555 fratres
350 4522 403 4558 euos
408 4509 521 4576 placuit,
533 4527 657 4578 eosuaqoe
666 4512 802 4563 adesim
811 4510 1001 4561 communicare.
1019 4506 1171 4561 Toletauttm
1182 4520 1283 4577 quoque
1292 4523 1311 4559 1.
1322 4502 1385 4561 Gau.

273 4593 308 4633 ¹2
317 4590 405 4655 mail,
425 4592 457 4645 Ut
466 4598 579 4663 episcopi
588 4596 629 4645 uel
639 4596 825 4663 diucoos'fils'o,
835 4598 860 4645 ιη’
868 4595 1058 4661 deuotoseeerit,
1070 4602 1095 4647 et
1101 4595 1258 4663 peccauerit,
1274 4600 1299 4643 et
1308 4596 1387 4645 musi·

272 4670 305 4715 A*
314 4672 401 4728 dussis
411 4687 466 4741 etc,
480 4681 506 4730 ss*
515 4682 611 4732 cicestr
621 4682 713 4731 morito
724 4683 868 4741 secesserit,
885 4686 910 4730 et
919 4682 1083 4746 poenituerit,
1099 4680 1166 4731 oudo
1182 4678 1252 4731 uodo
1268 4680 1318 4729 os'ei
1331 4681 1387 4731 sito

274 4746 372 4823 bocru,
382 4766 497 4832 accepim
506 4768 704 4819 commotores.
739 4762 794 4819 Sed
808 4768 836 4817 et
844 4762 1010 4818 Valentinum
1025 4762 1087 4819 Osa.
1099 4781 1138 4821 ιιι.
1155 4762 1187 4817 de
1197 4762 1230 4817 iis
1241 4766 1284 4833 qui
1294 4780 1321 4817 se
1327 4771 1389 4833 poet
