3650 5642
407 601 532 660 ocum

405 759 517 830 cipiunt:
533 758 629 810 Missas
640 758 681 810 die
692 759 820 810 domimca
829 758 1006 810 emoriar-'tas
1017 767 1099 810 tenere
1109 759 1219 828 afrosidii
1229 759 1318 812 ardiso
1327 763 1513 830 praecipius,
1522 763 1554 812 its

405 853 435 897 st
444 855 502 897 asts
513 845 704 896 benedictionem
714 845 856 895 samdots'e
867 845 970 910 reorcds'
975 844 1084 912 populas
1098 861 1147 896 sos
1154 853 1312 913 parmi.
1340 843 1395 906 Qui
1409 850 1436 898 si
1449 849 1555 909 [semet

406 930 439 982 ol
450 933 567 998 epsicopo
574 929 675 997 police
685 930 880 996 ooofaodootsr.
897 928 976 998 Atqui
987 925 1049 980 Ocu.
1059 945 1134 983 arm.
1147 929 1184 982 its
1195 929 1298 982 statuit:
1313 928 1474 986 Soecslaros
1484 933 1525 998 qni
1534 934 1557 980 is

406 1015 490 1066 natali
499 1015 604 1078 domini,
616 1013 733 1084 pacta,
748 1021 890 1082 praetorto
905 1031 954 1065 coa
969 1014 1343 1068 commotacaeerisstcotltolics'
1359 1033 1412 1068 soa
1428 1016 1559 1068 mdostm

405 1116 451 1152 msc
461 1103 527 1152 ister
537 1097 675 1151 emloticos
685 1098 837 1151 taleaotsr.
861 1098 909 1150 ilic
925 1097 1008 1150 tribus
1023 1097 1152 1152 duntaxat
1166 1098 1258 1154 diebus
1274 1100 1419 1168 quotannis
1429 1099 1519 1152 fideles
1531 1099 1560 1150 ad
1621 1127 1622 1132 ι

404 1169 614 1238 communionem
624 1184 791 1253 eommpellit,
800 1183 854 1236 illic
862 1182 999 1236 dominicis
1011 1183 1122 1252 singulis
1133 1183 1206 1238 iubet
1217 1183 1306 1238 andire
1317 1185 1440 1238 missam
1457 1183 1516 1238 Noa
1524 1191 1561 1236 est

403 1269 483 1339 igliur
493 1268 562 1321 idern
574 1271 665 1322 audire
674 1273 775 1322 messam
786 1283 816 1320 ac
826 1272 1022 1332 communicare,
1033 1285 1082 1322 nec
1093 1269 1170 1322 ambo
1181 1269 1228 1324 illa
1237 1268 1354 1324 fidelium
1366 1286 1420 1324 um
1431 1269 1561 1324 aeduine-
1621 1295 1622 1302 ¹

405 1370 455 1424 que
466 1353 560 1407 semen
570 1361 694 1428 perpetuo
705 1354 777 1408 inere
788 1353 933 1406 coniuncta

472 1437 574 1508 Τειράδι
586 1438 613 1492 ol
627 1438 668 1492 sai
683 1436 708 1491 iv
725 1435 911 1508 προοαββᾶτῳ]
940 1437 1129 1508 Antiquissima
1146 1444 1186 1492 est
1203 1439 1337 1510 utriusque
1354 1439 1452 1494 ieiunii
1468 1440 1562 1508 religit,

403 1525 477 1578 cuins
487 1531 515 1578 et
523 1525 551 1578 in
561 1525 681 1578 didonis
692 1541 771 1594 supra
784 1524 943 1578 mentionem
959 1524 1021 1593 egit.
1047 1523 1076 1578 ln
1089 1523 1187 1578 Canon.
1198 1525 1288 1594 Aponi.
1297 1543 1371 1580 ursa.
1383 1542 1448 1579 cuns
1459 1523 1562 1595 quadre-

404 1610 534 1679 gesimali,
545 1607 660 1679 τετράδος
671 1615 698 1662 et
705 1612 859 1678 conaminis
869 1609 996 1662 ieiunium
1005 1608 1095 1662 cadem
1107 1609 1241 1662 sanctione
1250 1611 1419 1680 praecipitur.
1439 1609 1482 1664 Ad
1490 1625 1562 1680 quem
1622 1625 1623 1666 l

403 1693 526 1748 Balsamo
542 1695 612 1748 istud
628 1695 746 1758 adnotat,
763 1693 867 1764 perinde
883 1693 984 1748 duabus
1000 1694 1051 1748 illia
1062 1693 1134 1748 teriia
1151 1701 1229 1764 etque
1240 1695 1267 1748 in
1279 1695 1487 1766 quadragesima
1499 1694 1561 1764 iupo-
1622 1689 1623 1696 '

405 1779 495 1850 aerias
510 1781 658 1850 praescribi.
683 1780 751 1832 Tum
767 1796 801 1832 ne
817 1780 948 1849 praesenti
964 1777 1069 1848 quidem
1085 1779 1177 1832 mortis
1191 1779 1219 1832 in
1230 1780 1346 1849 periculo
1357 1782 1487 1836 carnibus
1498 1779 1562 1832 vesci

404 1865 490 1919 licere.
522 1866 640 1934 [gnatius
657 1863 738 1934 Epist.
750 1881 774 1918 s.
791 1864 825 1916 ad
841 1863 950 1934 Philipp.
968 1863 1083 1918 eiusdem
1100 1865 1229 1934 praecepti
1245 1865 1373 1920 meminit.
1406 1867 1440 1920 ln
1459 1865 1563 1920 Coralit

404 1951 604 2020 Apostlibxrr.
616 1965 917 2020 consummassent
933 1947 1028 2018 τετράδι
1044 1949 1211 2004 ieiunandum
1228 1949 1263 2002 sit
1278 1949 1344 2004 haec
1360 1950 1483 2015 affertur,
1500 1947 1562 2020 qnod
1623 1951 1624 2004 l

305 2054 327 2094 a
335 2043 379 2087 stt
405 2041 431 2088 et
440 2036 506 2088 ieris
516 2035 785 2104 quartadeliberetum
797 2033 925 2088 aludseis
936 2039 977 2088 est
987 2033 1018 2088 ds
1030 2033 1207 2088 interficiendo
1217 2034 1317 2088 Christo
1329 2042 1356 2090 et
1366 2034 1450 2090 lucas
1461 2049 1563 2106 operatu

404 2137 480 2174 snam
490 2120 589 2174 desunt
614 2121 662 2174 Cui
673 2119 844 2190 adstipulatur
855 2127 882 2172 et
892 2120 983 2174 Petrus
995 2119 1186 2174 Alexandrinus
1198 2119 1262 2174 Cen.
1274 2137 1317 2173 xv.
1343 2119 1374 2172 lit
1387 2120 1499 2190 quidem
1510 2135 1563 2189 pro·

405 2206 498 2260 babilis
512 2213 553 2259 est
566 2207 619 2260 ists
632 2206 707 2260 ratio.
734 2204 818 2269 Qnsnn
829 2221 889 2258 sero
900 2203 943 2258 hic
954 2203 1114 2275 Epiphanius
1125 2204 1217 2269 reddit,
1227 2205 1296 2258 ialsa
1306 2211 1347 2260 ost
1357 2211 1385 2260 et
1396 2205 1562 2275 evangelicae

403 2291 508 2344 ssdmti
521 2292 659 2345 contraris.
685 2291 747 2344 Vult
761 2291 832 2344 enim
846 2289 978 2344 Christum
995 2289 1129 2344 dominum
1145 2289 1210 2344 ieris
1225 2296 1319 2360 quarta
1334 2289 1561 2361 comprehensura
1624 2335 1625 2354 ,

404 2375 479 2440 Quod
488 2377 517 2430 in
527 2377 637 2430 diatriba
647 2376 679 2430 de
686 2375 811 2430 Passieno
821 2375 920 2430 domini
931 2391 1012 2446 supra
1021 2373 1168 2430 incussum
1180 2391 1210 2428 ac
1222 2375 1363 2430 refutatum
1375 2381 1426 2442 cat,
1437 2391 1502 2448 pag.
1512 2373 1562 2428 lit
1624 2363 1625 2394 i

403 2463 442 2516 De
452 2462 546 2516 iisdem
556 2462 660 2516 ieiuniis
671 2463 829 2516 montionem
839 2461 901 2514 iecit
910 2477 964 2514 non
977 2477 1028 2514 uno
1039 2461 1068 2514 in
1079 2461 1137 2514 loco
1148 2459 1321 2514 Tertullianus
1333 2467 1361 2514 et
1371 2463 1503 2516 stationes
1515 2459 1562 2512 illis

403 2548 468 2618 ipsis
479 2547 570 2601 dicbus
582 2548 649 2602 obiri
659 2547 825 2600 consuevisse
839 2545 983 2618 significem
1000 2551 1029 2599 nt
1045 2546 1073 2600 in
1090 2546 1135 2599 lib.
1146 2545 1178 2598 de
1189 2545 1295 2600 Ieiuniis
1307 2553 1399 2600 contra
1411 2545 1561 2617 Psyctioos:

404 2633 456 2685 Car
470 2633 620 2686 moenibus
634 2642 751 2700 quartam
769 2623 793 2684 et
807 2641 903 2684 sertam
913 2631 1017 2684 sabbati
1032 2633 1158 2694 deorsus,
1176 2640 1202 2682 et
1211 2635 1312 2684 ieiuniis
1320 2635 1513 2701 parmenses!
1533 2629 1562 2682 lll

402 2733 460 2788 cap.
470 2735 511 2771 sn:
521 2717 566 2769 Sic
578 2727 603 2770 ct
613 2718 738 2786 apostolos
748 2717 902 2781 otmarus,
915 2717 1008 2770 millam
1020 2717 1094 2770 aliod
1103 2719 1255 2785 impooeistes
1266 2719 1350 2784 iayoos
1362 2727 1492 2771 certorum
1505 2727 1530 2769 et
1538 2719 1562 2766 is
1625 2705 1626 2724 ³

403 2819 528 2856 commone
538 2801 649 2854 omnibus
659 2801 825 2854 obeundorum
840 2806 1001 2864 ieiuniorem,
1014 2803 1125 2872 proinde
1142 2819 1186 2854 occ
1202 2805 1348 2865 stationum,
1365 2819 1433 2870 quae
1450 2812 1477 2856 et
1493 2805 1562 2871 ipsos

402 2905 459 2941 soor
474 2889 572 2955 quidem
590 2888 645 2939 dics
660 2885 782 2948 labeant,
800 2890 1004 2956 qaortaescriae
1014 2896 1039 2940 et
1049 2895 1143 2942 sectae.
1173 2884 1325 2940 Cuiusmodi
1341 2903 1419 2956 porro
1436 2888 1562 2942 stationes

401 2975 463 3027 ilisa
472 2971 570 3025 inerint
580 2977 607 3024 et
617 2975 704 3024 uuum
715 2971 812 3024 ieiunia
822 2972 882 3042 ipss
897 2971 1023 3024 stationes
1040 2971 1185 3042 appellatas
1201 2971 1267 3036 siut,
1284 2972 1362 3041 paulo
1380 2979 1422 3026 est
1439 2971 1490 3026 lsoc
1507 2971 1561 3026 loco

402 3057 552 3127 diligendus
568 3055 759 3126 inquirendum.
786 3056 839 3110 Res
855 3058 926 3110 enim
943 3063 982 3110 eet
998 3073 1052 3110 non
1068 3057 1155 3110 minus
1172 3055 1257 3110 studio
1273 3055 1354 3126 digne
1366 3073 1448 3126 quam
1459 3059 1562 3128 propter
1626 3081 1627 3102 ι

403 3143 584 3214 antiquitatem
595 3143 717 3207 obscura,
728 3159 813 3213 nsque
824 3143 903 3212 vulgo
916 3143 978 3196 satis
990 3142 1103 3211 cognita.

469 3228 602 3282 stationes
612 3229 693 3298 igitur
703 3233 788 3282 statos
797 3229 954 3284 ieiuniorum
966 3243 1023 3282 esse
1034 3227 1089 3280 dies
1099 3225 1229 3280 Pamelins
1245 3226 1279 3280 ad
1290 3226 1335 3280 lib.
1347 3225 1379 3280 de
1391 3225 1498 3282 (lorons
1508 3223 1561 3280 rsit

403 3332 460 3386 cap.
468 3333 504 3371 ιι.
515 3314 615 3368 scribite
632 3315 782 3383 metaphora
795 3335 813 3366 a
825 3315 945 3368 militibus
956 3321 1026 3378 orta,
1043 3315 1110 3382 qaod
1119 3313 1231 3382 masiti
1243 3315 1390 3366 iactatione
1401 3322 1489 3377 orant,
1501 3315 1561 3364 iciss-

402 3419 468 3454 aare
478 3419 519 3454 eos
530 3400 667 3470 oportebat.
693 3397 768 3462 Quod
779 3405 806 3452 ct
815 3399 877 3452 alibi
888 3399 987 3469 passim
998 3398 1098 3468 repetit.
1121 3398 1159 3452 Ac
1169 3397 1294 3452 ieiunium
1306 3395 1411 3467 quidem
1421 3399 1560 3452 sationem

403 3503 462 3540 oum
473 3486 519 3540 alii
528 3485 644 3555 plerique
654 3490 762 3549 vocant,
775 3489 832 3536 tum
842 3484 952 3536 Hermas
963 3483 1008 3538 lib.
1018 3501 1058 3538 ιιι.
1070 3481 1155 3539 Sinti
1165 3501 1189 3538 v.
1219 3483 1288 3544 Quid
1298 3492 1346 3546 est,
1358 3483 1459 3552 inquit,
1468 3483 1561 3536 statio!

403 3571 440 3624 Et
449 3572 518 3632 ds'rs',
533 3574 659 3622 ieiossiaos.
684 3568 825 3622 lillebonne
836 3569 943 3622 Maurus
955 3567 1000 3622 lib.
1009 3587 1039 3624 ιι.
1052 3567 1083 3620 de
1094 3567 1180 3624 Instit.
1193 3566 1283 3624 Cierio.
1296 3583 1353 3638 capi
1362 3583 1439 3624 nrm.
1451 3585 1487 3622 cx
1497 3581 1559 3638 qno·

401 3654 513 3708 maisin
523 3655 652 3708 mutantis
662 3654 729 3706 inter
740 3653 867 3706 ieiunium
878 3658 906 3708 ct
916 3653 1056 3706 stelionem
1067 3652 1093 3706 id
1104 3654 1229 3708 interesse
1240 3653 1342 3718 scribit,
1354 3653 1424 3722 quod
1434 3653 1559 3708 ieiunium

401 3741 575 3808 indifferenter
585 3738 716 3791 cuiuslibet
724 3740 778 3790 diei
786 3742 821 3790 ss't
831 3738 984 3790 abstineatia
990 3775 998 3802 ,
1010 3757 1059 3792 isca
1066 3756 1116 3807 per
1126 3740 1217 3806 lcoerm
1228 3740 1274 3792 scd
1283 3741 1418 3792 secandam
1423 3743 1558 3808 propriam

402 3826 565 3879 mlaotatcrs:
581 3823 676 3885 saue,
688 3823 829 3875 mamutio
840 3831 989 3876 statutorum
1001 3825 1111 3887 dimam,
1123 3833 1151 3876 at
1161 3831 1269 3893 quartae
1280 3833 1305 3876 et
1315 3827 1510 3892 enotaefcriae,
1521 3821 1560 3875 ccl

402 3911 621 3980 qsadroaesimac.
647 3907 764 3961 (litantur
779 3905 886 3960 ethaeo
902 3907 973 3977 apud
984 3907 1128 3962 Pamelinnr
1138 3907 1270 3962 Ambrosii
1279 3907 1360 3962 verbs
1375 3907 1460 3962 Sarno.
1471 3924 1558 3964 auin

401 3995 528 4048 Statium
537 4003 660 4048 vocaretur
670 3997 767 4046 iciaoia
776 4031 784 4056 ‚
792 3995 858 4062 qaod
867 4001 964 4046 stantes
975 4002 1000 4046 et
1010 4003 1189 4046 commorantes
1200 3996 1227 4046 io
1239 3997 1275 4046 eis
1283 3996 1399 4046 inimicos
1409 3995 1559 4048 insidiantes

403 4081 552 4151 repellimus.
578 4079 674 4133 Verum
685 4095 769 4148 neque
781 4094 830 4148 ego
842 4078 982 4132 stationem
993 4077 1062 4132 idern
1072 4095 1130 4132 esse
1142 4094 1202 4132 cuni
1217 4078 1314 4132 ieiunio
1322 4077 1451 4146 arbitror,
1468 4091 1558 4148 neque.

404 4171 434 4219 nt
448 4164 550 4218 intersit
565 4163 677 4234 aliquid,
694 4164 832 4218 discrimen
848 4162 913 4216 illud
929 4163 1010 4232 probo
1029 4163 1097 4233 qnod
1109 4162 1178 4234 apud
1188 4161 1343 4216 Blrsbanum
1354 4163 1459 4232 legitur.
1486 4159 1556 4227 Quoi

403 4251 474 4304 enim
485 4265 501 4302 a
512 4249 609 4302 ieiunio
620 4249 755 4319 discrepet,
769 4265 803 4302 cx
815 4248 972 4302 Tertulliano
984 4248 1074 4318 liquot,
1090 4247 1228 4318 quitiam
1241 4248 1275 4301 sd
1287 4246 1400 4302 Uxorem
1411 4264 1469 4317 cap.
1476 4266 1512 4302 rs.
1522 4248 1557 4300 ita

402 4336 531 4406 loquitur:
553 4333 585 4386 Ut
594 4337 618 4386 ci
627 4336 839 4402 etatiosaciessdo
849 4343 894 4397 est,
906 4337 1013 4386 moritus
1024 4335 1056 4386 dc
1068 4335 1109 4386 die
1120 4334 1240 4388 condicat
1251 4335 1289 4386 ad
1297 4333 1417 4386 lairena.-
1428 4337 1453 4384 ei
1462 4336 1555 4388 tassia

404 4422 563 4474 manda
573 4427 638 4482 east,
648 4425 756 4472 maritas
769 4422 856 4472 eadem
869 4421 910 4472 die
924 4422 1064 4472 coanimare
1077 4426 1200 4474 coerceat.
1228 4415 1375 4481 Quinetiam
1387 4417 1446 4472 loto
1461 4418 1508 4472 illo
1524 4415 1555 4472 cl·

402 4511 458 4560 tato
468 4523 503 4560 ea
512 4506 559 4561 lib.
571 4510 661 4558 contra
670 4501 762 4572 Psych.
775 4520 830 4575 cap.
839 4522 893 4560 nv.
905 4503 1031 4558 etstiones
1048 4519 1065 4556 a
1079 4503 1182 4558 ieiuniis
1198 4503 1317 4568 secernit,
1332 4519 1392 4558 cum
1403 4503 1554 4558 monibus

403 4597 524 4658 quaram
534 4597 561 4645 et
571 4596 674 4644 sexum
684 4589 787 4642 sabbati
798 4590 911 4643 dicatam
922 4605 979 4642 esse
996 4587 1068 4652 dicit,
1086 4603 1251 4658 numerem
1267 4588 1380 4642 ieiuniis.
1405 4587 1504 4642 Contra
1513 4587 1554 4642 lib.

403 4673 435 4728 de
447 4673 551 4729 &rona
559 4677 615 4730 llil.
626 4691 684 4745 esp.
692 4692 729 4728 ss.
741 4675 865 4729 ststiones
876 4691 923 4744 pro
935 4673 1038 4728 ieiuniis
1050 4673 1169 4743 usurpari
1179 4671 1310 4728 Pamslius
1325 4673 1461 4730 calatium
1477 4671 1517 4728 iris
1531 4673 1555 4726 in

403 4757 502 4814 serbis:
519 4761 579 4812 Iam
590 4770 616 4814 et
623 4763 744 4814 stationes
755 4769 801 4814 aat
811 4761 861 4812 olii
871 4763 954 4827 meeis
959 4761 1052 4828 saciet,
1064 4775 1138 4826 qaam
1150 4757 1268 4814 Otrerae
1281 4767 1327 4812 ast
1337 4767 1362 4814 st
1372 4760 1498 4814 domnico
1510 4761 1554 4822 dis,
