3650 5642
1234 620 1393 681 CLXXXIII

238 774 554 829 dlistnhusiastuueillud
566 776 693 841 extitsrit,
704 776 779 829 euius
788 791 881 830 ausas
889 775 1006 830 Christus
1015 776 1145 843 ascendit,
1156 794 1241 849 neque
1249 780 1394 850 posteriora

238 861 293 913 duo
302 861 384 914 locum
394 861 453 914 istie
463 859 588 925 habeant,
604 876 711 915 neooese
722 867 762 915 est
771 861 803 915 de
813 863 911 933 primo,
923 860 972 915 hoo
984 866 1025 915 eet
1033 861 1170 933 paschate,
1185 863 1309 917 loannem
1322 866 1392 917 locu·

237 951 303 997 tum
334 943 407 1009 Quod
424 948 493 1000 enlm
510 962 595 1017 neque
609 951 772 1017 pentecoste,
787 964 873 1017 usque
889 948 1047 1019 scenopegia
1063 948 1150 1013 iuerIt,
1171 958 1324 1018 argumento
1345 956 1392 1015 est,

237 1030 308 1100 quod
321 1031 446 1101 superiori
462 1031 547 1101 eapite
559 1030 675 1085 Christus
685 1032 788 1085 dherat
798 1049 864 1087 com.
873 1031 915 1085 dh.
928 1037 1038 1102 quatuor
1053 1050 1156 1087 menses
1168 1033 1201 1087 ad
1212 1051 1324 1089 messem
1335 1036 1393 1087 reli-

238 1132 302 1185 quos
312 1116 400 1169 luisse
422 1117 457 1169 At
466 1115 532 1169 haee
542 1132 601 1170 meo
612 1117 707 1171 iudicio
718 1118 852 1171 leuissima
862 1124 931 1171 suut.
959 1116 1027 1170 Nam
1043 1124 1073 1171 ut
1084 1120 1202 1172 omittam
1215 1120 1284 1190 quod
1294 1119 1393 1172 Maido-

238 1201 466 1266 mtmexistimst,
481 1202 647 1273 prouerbium
664 1201 794 1273 quoddam
810 1205 878 1257 iuter
888 1202 997 1257 ludaeos
1013 1204 1141 1257 eiusmodi
1151 1210 1293 1270 versatum,
1309 1204 1394 1259 adhuc

237 1301 337 1339 mansae
345 1304 373 1341 rr
381 1286 414 1339 sd
425 1302 538 1341 messem
549 1294 702 1358 supersunt,
717 1304 778 1342 oum
794 1287 858 1343 nihil
867 1289 938 1359 quod
949 1294 1053 1359 urgeret
1064 1304 1122 1343 esea
1133 1290 1282 1359 significare
1290 1290 1392 1355 vehent,
1471 1343 1475 1353 ,

238 1388 282 1424 cur
291 1372 366 1425 lateri
376 1372 496 1442 cogimur
506 1389 589 1426 unum
599 1374 663 1426 illud
676 1373 773 1426 festum
790 1390 805 1425 e
820 1374 904 1427 trihus
921 1374 1002 1427 luisse
1019 1374 1178 1427 maioribus?
1211 1374 1304 1428 Nonne
1320 1381 1346 1429 et
1359 1375 1393 1429 ud

237 1458 357 1511 maenia
366 1458 471 1511 venisse
487 1456 618 1513 Chrbtuuu
633 1463 760 1511 tesuutur
774 1460 911 1529 euangelia
927 1464 954 1512 et
969 1460 1082 1529 robquos
1099 1460 1132 1512 ab
1149 1459 1241 1513 eodem
1254 1460 1393 1514 consimile

237 1550 275 1595 est
284 1543 338 1596 des
349 1558 409 1596 esse
420 1534 583 1596 celebratos?
616 1542 701 1607 Quare
715 1544 768 1597 nisi
783 1544 817 1596 ad
827 1548 995 1614 pentecosten
1007 1560 1067 1597 cum
1079 1543 1276 1613 chrysostomo,
1296 1544 1391 1615 Cyrillo

236 1633 309 1696 etque
324 1644 360 1680 ex
376 1628 563 1682 mentioribus
578 1628 728 1682 quldonuto
744 1629 853 1699 allisque
868 1630 996 1699 pertinere
1012 1630 1135 1693 cellmua,
1155 1636 1182 1681 at
1197 1629 1316 1699 Phurim,
1337 1630 1392 1683 siue

236 1712 347 1765 Sestium
367 1712 477 1778 iubam,
497 1713 566 1784 qnod
582 1713 651 1766 bdar
666 1713 705 1768 15.
724 1714 881 1767 celebratum
899 1718 950 1779 est,
966 1712 1030 1767 nibil
1046 1720 1116 1767 uetat
1132 1714 1250 1784 intelligi.
1286 1714 1323 1767 De
1340 1730 1391 1783 quo

237 1797 330 1850 erudite
340 1796 468 1869 Xeplerus
478 1798 505 1851 in
517 1799 629 1869 Eclogis.
664 1798 721 1852 lam
737 1798 875 1852 sabbatum
890 1798 954 1851 illud
971 1799 1169 1870 deuteroproton
1180 1804 1240 1870 post
1250 1800 1392 1869 primunta

237 1883 362 1952 haph'smo
371 1880 469 1953 pascha
480 1884 602 1937 collocari
611 1890 710 1954 potest,
722 1884 917 1954 utetXeplorns
926 1883 1022 1937 ibidem
1039 1890 1065 1937 et
1079 1900 1127 1937 nos
1141 1885 1192 1955 ipsi
1200 1884 1309 1938 subinde
1317 1900 1391 1937 mon·

237 1968 381 2023 suabinus.
416 1968 503 2022 Unum
518 1974 636 2039 superest
652 1968 721 2039 quod
737 1985 771 2021 ex
786 1968 918 2022 Xemuitio
935 1970 1056 2039 proponit
1072 1970 1240 2041 dissolvitque
1256 1969 1390 2040 Xeplsrus.

238 2052 333 2105 Etenim
345 2050 465 2107 CbrIstus
475 2054 694 2125 praedicationem
706 2070 817 2107 exorsus
830 2059 871 2107 est
884 2058 1023 2125 postquam
1039 2054 1148 2109 loannes
1165 2056 1191 2109 in
1208 2070 1336 2109 carcerem
1351 2060 1392 2107 est

238 2139 340 2203 missus,
351 2136 444 2192 blatth.
453 2157 490 2203 π,
504 2139 552 2203 12,
562 2140 641 2192 biars.
650 2158 673 2204 1,
688 2140 726 2191 14.
749 2139 888 2193 Coniectus
905 2144 992 2192 autem
1008 2146 1047 2191 est
1058 2141 1086 2193 iu
1097 2141 1201 2193 vincula
1211 2141 1321 2194 Ioannes
1332 2144 1392 2209 post

238 2222 327 2292 pascha
337 2224 460 2294 primm.
478 2224 544 2278 uem
556 2241 586 2278 ao
596 2225 725 2277 celebrato
733 2223 844 2278 loannes
853 2225 983 2295 baptisare
994 2225 1087 2295 pergit,
1099 2224 1234 2290 Ioannou,
1246 2225 1286 2279 23.
1305 2224 1390 2288 Quare

239 2310 369 2362 sabbatum
379 2308 467 2362 Lucae
477 2309 676 2379 deuteroproton
692 2318 718 2363 et
733 2310 776 2363 ille
791 2326 837 2381 per
849 2314 953 2380 segetes
965 2310 1082 2363 incessus
1095 2327 1148 2363 nou
1158 2316 1245 2380 potest
1252 2311 1335 2380 primo
1345 2326 1390 2379 pa·

239 2395 315 2447 achati
324 2394 433 2459 subiici;
450 2395 511 2465 quis
521 2394 685 2459 iamdudum,
703 2410 762 2447 eum
777 2394 841 2447 baec
853 2401 999 2465 agerentur,
1011 2394 1159 2465 praedicere
1171 2394 1288 2449 Christus
1300 2412 1390 2467 coepe·

240 2487 280 2531 rat
301 2479 341 2533 llx
352 2494 405 2549 quo
417 2481 533 2550 seqnitur
544 2497 572 2533 ru
582 2482 676 2534 saltem
687 2480 747 2533 elici
757 2478 894 2551 paschata,
905 2484 935 2534 ut
946 2480 1024 2550 paulo
1036 2486 1096 2534 suto
1108 2480 1302 2551 disputavimus.

299 2565 396 2618 Verum
406 2580 460 2617 uon
471 2570 531 2618 ante
541 2564 646 2619 Ioannis
657 2580 786 2618 carcerem
797 2565 962 2635 praedicandi
974 2582 1069 2619 munus
1081 2566 1197 2635 attigisse
1209 2565 1347 2629 Christum,
1360 2582 1390 2618 ao

240 2655 303 2704 tauto
318 2656 436 2720 tempore
453 2651 566 2703 otiosum
581 2666 612 2703 ac
626 2650 743 2704 desidem
758 2650 853 2715 fuisse,
867 2650 1055 2721 perabsurdum
1071 2650 1179 2705 videtur.
1212 2650 1246 2703 Et
1265 2652 1288 2704 si
1302 2666 1392 2704 uerum
1417 2668 1491 2722 paor.

240 2735 306 2788 lateri
316 2735 438 2788 volumus
449 2734 583 2789 Nicodemi
593 2736 639 2789 illa
650 2753 709 2790 onus
721 2734 823 2790 CbrIsto
835 2736 985 2807 congressio
1002 2736 1109 2806 eiusque
1121 2738 1201 2789 verba
1211 2737 1273 2789 ista:
1293 2735 1392 2788 Scimus

240 2825 292 2887 qn’a
303 2842 320 2872 o
331 2822 378 2873 deo
390 2824 481 2872 osuini
491 2825 625 2889 tropicum
638 2840 708 2874 uerno
719 2825 783 2874 caim
790 2830 874 2893 potest
882 2821 947 2875 hoco
959 2825 1132 2891 siquasocure
1140 2840 1204 2893 quae
1216 2826 1328 2891 tasonis,
1342 2826 1392 2873 nisi

237 2910 310 2971 steret
319 2907 382 2957 desa
393 2922 448 2957 cass
461 2924 500 2969 co,
516 2912 574 2959 tum
592 2922 659 2977 quae
674 2907 801 2977 superiori
811 2908 895 2978 capite
907 2912 1045 2960 nouantur
1057 2907 1088 2960 do
1100 2908 1189 2961 multis
1200 2908 1227 2960 in
1238 2908 1324 2977 Ipsum
1337 2922 1391 2960 cro·

241 2990 362 3056 usuum,
378 2990 542 3062 praedicasse
557 2992 610 3045 ium
627 2992 757 3045 Christum
774 2998 800 3045 st
816 2992 848 3045 ad
864 2992 989 3063 populum
1006 2992 1098 3046 iecisse
1112 2993 1192 3046 verba
1207 2992 1391 3046 demonstrant.

241 3076 301 3127 hdde
312 3074 354 3129 bis
365 3074 455 3129 omnis
466 3092 533 3146 quae
544 3084 604 3130 ante
616 3078 731 3130 vinctum
743 3076 867 3131 Ioannem
879 3092 895 3128 a
907 3076 1012 3130 Christo
1024 3076 1091 3130 dictu
1101 3076 1222 3147 iactaque
1234 3078 1328 3131 caeteri
1339 3084 1391 3131 tres

242 3161 330 3230 aliquot
345 3161 474 3231 capitibus
492 3162 621 3232 complexi
638 3168 707 3215 sunt.
742 3160 811 3225 Quin
827 3168 854 3214 et
868 3160 960 3214 Petrus
976 3162 1033 3215 bct.
1050 3180 1066 3215 1.
1084 3177 1100 3215 a
1115 3162 1244 3232 baptismo
1261 3162 1391 3216 Christum

242 3247 346 3315 coepisse
356 3252 475 3299 testatur.
507 3246 579 3299 Idem
590 3246 683 3300 lluseb.
694 3247 740 3300 lib.
749 3266 767 3301 1.
780 3263 836 3317 cap.
847 3264 872 3300 a.
885 3250 911 3299 et
922 3244 971 3299 hoo
983 3246 1039 3298 loco
1052 3245 1127 3299 docet
1138 3244 1305 3317 Epiphanius.
1340 3248 1391 3300 Irc-

241 3346 311 3384 aseus
320 3331 390 3385 enim
403 3348 466 3386 xxa.
475 3346 543 3385 anno
552 3333 712 3402 baptizatum
723 3336 809 3403 putat,
822 3336 919 3402 etpost
930 3330 1028 3400 aliquot
1040 3346 1122 3384 anuos
1134 3346 1193 3384 cum
1205 3332 1258 3384 iam
1269 3332 1391 3386 idoneam

241 3416 267 3467 sd
277 3415 419 3469 dmendum
430 3421 540 3469 nutem
552 3422 621 3471 esset
632 3418 753 3487 adeptus,
768 3418 897 3469 triennem
911 3414 1130 3487 praedicationem
1146 3414 1289 3470 iuoboasse.
1323 3416 1391 3471 Num

242 3502 299 3569 quod
309 3502 341 3554 ad
350 3499 478 3572 Epiphan.
488 3502 591 3566 attinet,
607 3518 686 3572 supra
702 3518 773 3555 uum.
783 3518 854 3555 aurs.
867 3498 989 3572 postridie
1001 3501 1056 3554 eius
1068 3500 1118 3553 diei
1131 3516 1182 3571 quo
1195 3502 1339 3573 baptisatus
1351 3507 1391 3556 ast

241 3586 447 3654 praedicstionem
458 3586 529 3640 illam
542 3589 690 3657 occoepisse
701 3588 764 3641 dicit
775 3602 841 3657 quae
853 3586 886 3639 ad
897 3584 1005 3657 hiantis
1018 3584 1102 3638 dussis
1112 3585 1229 3640 sciemur.
1264 3587 1330 3652 Quid
1342 3589 1390 3659 igi-

242 3678 275 3722 tur
283 3672 451 3742 evangelistis
461 3672 513 3725 illis
523 3672 662 3737 iaciamus,
674 3674 719 3743 qui
730 3673 845 3727 coniecto
857 3672 961 3725 demum
972 3672 999 3725 in
1012 3688 1140 3725 carcerem
1152 3672 1248 3726 loauue
1260 3671 1390 3727 Christum

241 3765 336 3811 amant
349 3756 501 3827 praedicare
516 3758 651 3827 coepisse?
684 3758 794 3829 Xeplero
805 3758 892 3811 risum
908 3763 949 3811 est
964 3759 1115 3812 traiectione
1126 3759 1245 3812 uersiculi
1256 3760 1334 3813 unius
1345 3776 1390 3813 ne-

241 3842 330 3909 gotium
339 3858 420 3913 posse
431 3841 533 3895 confici.
555 3842 623 3895 Num
635 3843 657 3895 si
668 3844 759 3897 Matth.
768 3862 804 3897 ru.
815 3860 881 3899 vers.
894 3843 940 3910 12,
957 3860 1012 3895 cum
1025 3854 1106 3897 autem
1119 3846 1232 3897 nudasset
1243 3844 1314 3896 Iesus
1325 3848 1392 3915 quod

243 3926 339 3979 locanes
349 3929 464 3981 radimo
474 3939 547 3991 esset,
559 3932 664 3981 seceeeit
672 3932 700 3981 iu
713 3930 872 3994 Galiloeum,
883 3931 946 3983 itanu
957 3930 1064 3983 Moror.
1077 3930 1099 3982 si
1111 3945 1214 3981 comma
1224 3929 1263 3982 14.
1276 3930 1327 3983 alio
1339 3936 1389 3982 tra·

242 4011 316 4077 hus,
329 4012 488 4066 manationis
504 4013 621 4066 ordinem
636 4015 771 4084 aptissime
786 4019 917 4068 contexes.
952 4013 1017 4068 Mihi
1028 4030 1088 4067 vero
1105 4012 1169 4065 baec
1181 4014 1258 4067 unlus
1269 3996 1390 4067 uersibull

242 4097 473 4151 bdeotiouioleuta
487 4114 551 4151 eane
567 4098 675 4153 videtur.
709 4097 779 4152 Nihil
795 4100 865 4153 enim
882 4100 977 4153 clarius
994 4102 1034 4151 est
1050 4114 1128 4167 quam
1141 4114 1207 4168 quse
1219 4098 1389 4152 subiiciuutur

242 4196 291 4235 tum
301 4182 353 4236 allis
364 4183 429 4253 ipsis
441 4183 576 4237 uersiculis
588 4200 645 4237 esse
657 4200 784 4240 connexa.
818 4185 905 4238 Satius
923 4190 963 4237 est
977 4182 1056 4253 igitur
1068 4184 1204 4237 commoda
1215 4184 1301 4253 aliqua
1311 4185 1387 4235 inter·

242 4268 372 4333 prststioue
382 4268 434 4321 loci
444 4268 515 4321 illios
524 4268 670 4322 difficultati
677 4269 818 4325 consulere.
836 4269 890 4323 lloo
899 4284 959 4322 vero
969 4266 1089 4337 perfacile
1102 4274 1148 4321 est
1165 4268 1233 4321 Nam
1241 4266 1386 4321 Matthaeus

242 4353 371 4405 cuneus
381 4368 551 4423 nequaquam
561 4354 625 4407 illud
636 4354 741 4419 docent,
758 4354 888 4408 Christum
903 4359 966 4406 tuno
982 4352 1079 4416 solum,
1097 4368 1155 4406 cum
1173 4355 1282 4406 loannes
1293 4353 1320 4404 in
1332 4352 1387 4404 viu·

243 4436 289 4488 suls
299 4438 397 4490 missen
408 4443 463 4503 eet,
478 4438 627 4509 praedicare
642 4440 669 4492 in
684 4440 821 4510 populum,
836 4438 940 4492 hooest
956 4436 1058 4507 publice
1070 4440 1149 4492 uerba
1164 4438 1247 4491 iacere
1258 4436 1386 4505 coepisse;

244 4523 301 4589 quod
311 4540 344 4577 ex
355 4524 409 4577 ibis
419 4524 484 4593 ipsis
495 4524 662 4593 evangelistis
673 4523 770 4578 iulsum
781 4540 838 4577 asse
849 4528 1016 4577 monstratur.
1040 4522 1092 4576 Sed
1104 4522 1143 4577 bic
1156 4537 1247 4575 sensus
1259 4525 1310 4585 est,
1327 4526 1387 4591 post

243 4614 334 4677 opum
344 4607 471 4662 Ioannem
481 4624 579 4662 uorum
589 4610 662 4663 velut
672 4610 774 4663 initium
785 4607 949 4680 praedicandi
960 4606 1064 4673 iecisse,
1082 4624 1112 4661 ao
1130 4622 1188 4661 cum
1203 4606 1346 4660 eucratius
1357 4608 1386 4661 iu

244 4690 294 4747 llud
301 4693 438 4764 negotium
445 4694 602 4760 incubuisse,
613 4700 669 4747 tum
678 4710 738 4748 uero
747 4694 881 4765 speciatim
889 4693 952 4746 illud
962 4694 1112 4759 inculcasse,
1123 4694 1299 4764 poenitentiam
1309 4697 1385 4762 cpite,

245 4782 493 4848 appropinquarem
502 4798 605 4847 requam
614 4781 744 4833 emiorum.
758 4777 909 4832 Cuiusmodi
918 4776 1121 4833 cohortationem
1129 4778 1170 4830 uel
1178 4777 1292 4831 nondum
1301 4784 1385 4844 antea,

245 4862 372 4917 relminus
382 4864 471 4917 crebro
483 4880 514 4917 ao
524 4862 689 4919 uehementer
699 4868 846 4935 usurparat,
862 4862 932 4933 quod
948 4879 1005 4916 eam
1021 4864 1071 4917 sibi
1081 4864 1190 4917 Ioannes
1200 4864 1385 4936 praedicandas
