3650 5642
1282 628 1397 686 CLXVII

233 776 261 830 de
273 778 325 832 diei
336 778 448 833 ludaico
460 780 598 853 principio,
614 780 669 835 sire
686 786 760 835 nocte
770 746 956 848 'mtccedentm
972 784 1039 837 solet
1051 784 1179 855 usurpari.
1201 782 1258 837 Non
1272 784 1340 855 quod
1351 786 1396 839 lux

232 864 317 933 aliqua
327 864 389 917 sive
401 866 490 931 lenae,
507 866 562 919 sire
578 866 712 919 steUaruen
729 868 822 920 saltem
838 868 922 921 oriem
935 874 1065 939 utcunque
1077 868 1145 922 diem
1156 870 1310 939 auspicetur,
1327 871 1396 941 quod

232 948 406 1005 Casaubonus
418 950 445 1003 iu
457 950 569 1003 Erereit
581 968 648 1017 xer,
665 968 736 1005 num.
748 970 792 1005 xv.
803 968 893 1005 rernm
911 954 1057 1017 exiatimat;
1074 961 1105 1007 ut
1120 970 1179 1007 cum
1194 954 1280 1008 Lucas
1291 956 1328 1009 ait
1339 972 1395 1025 cap.

232 1050 317 1098 esua,
334 1034 386 1087 542
404 1035 445 1086 sal
456 1034 579 1104 σάββατον
592 1034 732 1105 deripientes,
748 1038 786 1091 sic
797 1038 976 1108 accipiendum
988 1039 1023 1091 sit
1037 1045 1067 1091 nt
1077 1039 1100 1091 si
1111 1039 1232 1103 dixisset,
1250 1039 1290 1091 asi
1300 1038 1395 1108 iniqn-

232 1134 283 1167 στιν
295 1116 311 1183 ἡ
324 1118 420 1185 σιλνβνη
432 1118 447 1186 ἡ
459 1116 555 1191 ἄγουσα
567 1120 594 1173 rb
608 1118 738 1190 σάββατον.
774 1122 843 1175 llaec
860 1124 931 1175 euim
946 1124 1076 1177 sententia
1090 1124 1255 1177 subabsurda
1271 1130 1298 1177 st
1307 1140 1395 1195 anper·

233 1218 344 1256 raeansa
352 1204 465 1257 ridetur.
477 1205 573 1259 Verum
582 1206 732 1276 simpliciter
741 1212 767 1259 et
776 1208 847 1259 nullo
857 1208 907 1261 alio
917 1208 1056 1261 subaudito
1065 1204 1209 1276 teredone
1218 1216 1259 1262 est
1267 1220 1394 1279 oppetere,

232 1287 268 1338 rel
278 1292 362 1353 tertre,
376 1292 526 1345 οᾰσσοτονε,
561 1290 614 1343 linc
631 1296 719 1345 autem
736 1307 769 1343 ex
786 1308 817 1345 eo
833 1300 924 1346 natum
939 1294 1049 1346 arbitror
1061 1294 1129 1363 qnod
1141 1295 1297 1364 comprima
1308 1310 1339 1348 ac
1350 1310 1395 1348 na·

232 1382 299 1425 turae
311 1376 434 1429 maxim
445 1380 619 1429 consentanea
628 1376 678 1429 diei
690 1376 830 1447 appellatio
842 1378 926 1431 lucem
938 1377 1081 1447 significet,
1092 1383 1227 1448 tempnere
1239 1380 1272 1432 ab
1284 1385 1341 1433 ortu
1353 1396 1395 1432 eo·

232 1457 260 1507 lis
270 1458 302 1511 ad
312 1474 452 1525 occasum,
465 1462 601 1531 pleraeque
610 1467 701 1531 postea
710 1461 828 1515 nadoues
837 1463 916 1515 variis
924 1468 1071 1534 temporum
1080 1463 1160 1517 initiis
1170 1464 1316 1517 constitutis
1325 1464 1394 1517 diem

233 1540 403 1599 nibilominus
420 1546 582 1617 appellarunt
598 1547 712 1617 spatium
727 1546 791 1599 illud
805 1548 942 1617 temporis,
959 1548 1029 1618 qnod
1045 1549 1079 1601 ab
1094 1565 1125 1601 eo
1142 1555 1238 1617 puncto
1259 1549 1328 1617 quod
1344 1549 1395 1601 eibi

233 1633 378 1683 statuerant
389 1630 422 1683 ad
434 1630 502 1684 idem
513 1636 638 1701 punctum
650 1632 798 1685 revolvitur.
816 1630 900 1695 Quare
913 1639 942 1685 ut
952 1634 980 1686 in
991 1633 1114 1703 primaria
1124 1633 1170 1685 illa
1182 1649 1212 1685 ao
1219 1634 1333 1685 naturali
1344 1633 1394 1687 diei

233 1713 334 1767 notione
346 1710 493 1785 irreptionem
505 1716 607 1787 proprie
618 1715 673 1769 dies
688 1716 789 1781 dicitur,
807 1717 876 1787 quod
894 1718 950 1771 eius
966 1718 1041 1771 initio
1057 1718 1097 1771 sol
1114 1718 1201 1781 oritur,
1219 1722 1249 1771 ut
1265 1725 1291 1771 et
1306 1716 1393 1787 ἡμέρα,

235 1794 276 1846 ἀπὸ
288 1802 331 1863 τῆς
343 1796 418 1867 dole,
431 1800 468 1853 ita
478 1800 611 1855 translatis
624 1800 656 1855 ad
667 1802 780 1872 reliques
792 1800 889 1855 innuas
899 1803 950 1855 diei
958 1803 1175 1873 appellationibus
1184 1801 1311 1855 idemhoo
1320 1818 1394 1855 naur-

234 1890 317 1949 patum
329 1884 401 1937 initii
411 1885 568 1939 uocabulum
580 1892 632 1951 est;
649 1888 698 1939 etei
713 1887 800 1940 minus
818 1904 897 1958 quam
908 1888 961 1941 illic
972 1888 1082 1960 proprie.
1117 1887 1179 1941 Siue
1189 1888 1270 1957 igitur
1282 1904 1298 1939 a
1308 1886 1395 1939 media
1419 1902 1442 1942 a·
1451 1892 1493 1934 Μ

236 1974 315 2033 nocte,
332 1970 392 2021 sire
404 1986 420 2021 a
432 1970 551 2035 meridie,
568 1970 622 2025 sive
634 1972 668 2025 ab
679 1972 752 2025 initio
765 1972 860 2037 noctis,
876 1972 928 2025 diei
942 1979 1073 2043 repetatur
1084 1973 1233 2037 exordium,
1250 1970 1393 2041 laepdceeo

236 2050 324 2121 ubique
336 2052 409 2119 dice,
426 2054 475 2108 laon
486 2060 527 2108 est
537 2054 652 2109 iucboarl
663 2062 689 2109 et
699 2057 764 2110 inire
776 2058 928 2128 simpliciter
938 2058 1045 2113 dicetur.
1068 2057 1291 2121 Quemadmodum
1302 2074 1393 2127 νουμη-

237 2134 280 2195 νὲῑς
296 2152 350 2191 ror
368 2155 430 2193 cum
446 2146 596 2193 nmcsutem
613 2141 703 2195 lunam
720 2144 821 2213 proprie
839 2143 979 2212 significet,
1000 2143 1033 2195 ad
1053 2143 1142 2195 omnia
1161 2143 1292 2195 meneinm
1310 2143 1392 2207 initia,

238 2222 307 2273 etiam
318 2224 429 2277 minime
439 2224 570 2279 lunarium
582 2226 742 2291 transfertur,
753 2232 817 2297 puta
828 2229 1025 2281 tricenariorum
1036 2234 1063 2281 et
1073 2228 1284 2297 Agyptiacorum.
1319 2227 1392 2281 Unde

239 2305 281 2357 alia
291 2308 536 2379 attemperatum&
548 2308 658 2379 σελήνην,
671 2312 723 2365 alia
735 2310 764 2363 oi
776 2310 838 2364 arrd
851 2312 961 2379 σελήνην.
979 2313 1035 2367 Ηοο
1046 2329 1096 2383 ego
1108 2329 1187 2365 sensu
1199 2316 1236 2381 τῷ
1247 2310 1391 2381 direptionem

239 2395 406 2462 evengelistae
417 2394 569 2465 simpliciter
581 2410 641 2449 usos
650 2396 769 2451 arbitror.
786 2396 821 2451 Ut
832 2414 891 2451 cnm
904 2396 1170 2469 Mattb.cap.xxv1n.,
1184 2399 1206 2449 l.
1218 2398 1256 2449 ita
1265 2398 1391 2467 loquitur:

238 2472 292 2545 'Ulpi
301 2478 327 2530 di
335 2482 388 2531 τῶν
396 2477 527 2549 σαββάτων
536 2484 565 2551 τῇ·
574 2478 747 2551 ἐπιφωσκούσῃ
757 2479 788 2543 cle
798 2480 855 2552 plen
864 2486 913 2535 τῶν
926 2481 1066 2551 σαββάτων.
1084 2482 1134 2536 Ubi
1144 2482 1217 2535 nulla
1227 2483 1392 2551 argutatione

240 2576 296 2629 opus
306 2571 348 2617 cst
358 2570 390 2618 ut
399 2566 441 2619 rel
453 2564 508 2619 dias
519 2566 577 2635 ipsa
589 2580 604 2617 a
616 2572 692 2619 nocte
703 2567 829 2637 incipiens
842 2574 897 2621 tum
909 2569 1028 2633 demum,
1040 2584 1099 2622 cum
1109 2570 1150 2621 sol
1158 2568 1239 2621 oritur
1247 2564 1390 2635 iurqdoasee

240 2645 336 2714 dicatur,
354 2650 398 2703 sal
414 2654 444 2703 ut
458 2650 521 2704 luna
538 2656 583 2703 ant
598 2650 683 2705 sidera
698 2652 893 2707 subaudiantur.
923 2653 992 2707 Nam
1006 2653 1046 2707 bic
1057 2670 1117 2707 meo
1128 2652 1223 2707 iudicio
1234 2668 1328 2705 sensus
1339 2657 1390 2705 cst:

242 2730 360 2789 Confectio
372 2735 502 2801 sabbatis,
514 2735 569 2789 sire
581 2734 742 2789 hebdomade
753 2744 871 2807 peracta,
883 2738 925 2791 die
935 2740 1067 2808 sequenti,
1083 2754 1150 2809 quae
1161 2738 1245 2791 inibat
1255 2754 1316 2791 cum
1326 2738 1392 2791 ieria

242 2818 325 2885 primm
341 2820 413 2892 quod
428 2821 542 2891 apertius
553 2820 638 2875 Lucae
656 2836 711 2893 cap.
721 2840 809 2888 sarra,
824 2822 865 2877 54.
881 2823 1038 2877 declaratur:
1062 2824 1107 2875 Καὶ
1118 2822 1198 2895 ἡμέρα
1208 2818 1238 2893 ᾖν
1250 2822 1390 2893 παρασκευὴ

244 2902 546 2976 ιτισσββάτονὶττέφωσνν.
562 2905 612 2961 Ubi
620 2907 728 2961 verbum
737 2904 863 2977 deciperent
871 2910 971 2963 nullam
979 2910 1064 2963 lucem
1072 2909 1215 2979 significat,
1224 2908 1270 2961 eod
1279 2908 1390 2963 initium.

242 2986 268 3037 At
277 2992 343 3061 apud
353 2991 527 3063 Epiphaniam
538 2992 566 3045 in
576 2990 746 3061 Expositions
754 2992 825 3047 Fidei
835 3010 908 3049 uum.
918 3012 984 3048 rm.
994 2996 1061 3047 cirea
1073 2994 1233 3065 gallicinium
1250 2996 1291 3059 τῆς
1308 3011 1390 3063 κυριο-

242 3076 276 3137 ιῆς
286 3072 469 3147 ἐπιφωσκούσης
481 3078 548 3131 solvi
559 3074 679 3147 paschale
695 3077 818 3131 ieiunium
837 3079 939 3144 dieitur,
954 3078 1005 3132 hoc
1020 3086 1061 3132 est
1074 3085 1136 3150 post
1150 3078 1264 3142 mediam
1279 3086 1390 3143 noctem,

243 3171 308 3228 aqua
318 3162 388 3215 diem
400 3160 540 3217 Christiani
551 3160 681 3216 inchoant.
715 3162 780 3215 item
796 3162 873 3233 paulo
890 3168 952 3233 poet
966 3164 1057 3217 scribit
1071 3165 1211 3217 nonnullos
1227 3162 1390 3217 bebdomada

243 3252 318 3299 anem
327 3248 437 3317 vigilare
448 3246 491 3313 rip
504 3247 564 3318 perd
575 3244 618 3314 rip
634 3246 746 3317 aipurqe
762 3245 950 3317 ὶττιφώσνονσαν
965 3244 997 3307 εἰς
1013 3247 1042 3299 τὶν
1059 3246 1239 3318 προσάββατον.
1274 3246 1324 3301 Ubi
1339 3246 1388 3299 iere·

244 3328 332 3393 pinnen
340 3332 442 3386 ridetur
453 3332 555 3403 propris
567 3333 723 3403 sumpsisse,
735 3332 810 3402 qnasi
818 3349 872 3385 uox
881 3331 1004 3402 postridie
1015 3332 1143 3397 lucescat,
1153 3330 1203 3385 boo
1214 3339 1255 3385 est
1265 3333 1292 3385 in
1303 3334 1388 3386 lucem

242 3410 335 3473 demet.
359 3418 468 3471 Noctem
480 3418 550 3471 euim
561 3417 683 3487 iutelligit
693 3434 760 3487 quae
771 3432 938 3489 parascevem
948 3417 1087 3488 praecedit.

298 3503 339 3555 llul
345 3500 383 3555 dre
392 3500 519 3563 ἀνάστασις
525 3500 566 3555 sel
572 3498 702 3573 inempta]
720 3502 759 3556 Eu
769 3502 861 3557 erroris
871 3510 1063 3573 argumentum.
1080 3502 1213 3557 Uiriatum
1221 3503 1301 3570 enim,
1310 3520 1387 3574 quem

243 3590 391 3655 aeqnmoeuo
403 3588 461 3659 ipso
471 3588 642 3643 resurrexisse
655 3588 791 3652 didicerat,
808 3586 856 3641 boe
874 3594 913 3641 est
929 3606 990 3643 xxv.
1001 3590 1102 3653 Martii,
1119 3604 1151 3642 eo
1162 3588 1203 3641 die
1214 3591 1388 3643 resurrexisse

244 3672 346 3739 tradidit,
364 3690 417 3745 quo
432 3674 585 3727 Diocletiani
602 3680 717 3744 tempore
735 3674 929 3743 aequinoctium
944 3674 1042 3728 incidit.
1078 3674 1146 3728 Nam
1162 3690 1196 3727 ex
1207 3676 1341 3740 Anatolio,
1358 3682 1388 3728 ut

244 3758 326 3825 opinor,
341 3766 368 3813 et
379 3758 561 3813 Alexandrinis
573 3758 702 3811 veteribus
717 3758 910 3828 aequinoctium
921 3761 1010 3813 Martii
1020 3778 1085 3815 ran.
1101 3760 1204 3824 statuit,
1219 3776 1280 3813 cum
1296 3760 1387 3814 Nicae-

244 3854 293 3896 uum
303 3846 403 3915 aliquot
413 3845 488 3899 suuis
498 3848 590 3915 postea
601 3844 628 3897 in
637 3843 790 3897 viceelmunr
801 3844 914 3913 primum
925 3846 1049 3899 intulerit.
1066 3845 1138 3899 Unde
1150 3844 1196 3915 qui
1206 3853 1388 3901 successerunt

245 3926 397 3983 Alexandrini
410 3930 548 3999 scriptores
560 3946 605 3983 xu.
614 3928 685 3993 Kal,
701 3928 750 3983 boc
767 3934 808 3982 est
823 3946 877 3983 uxr.
889 3931 988 3993 Martii,
1005 3930 1198 3999 aequinoctium
1214 3930 1340 3995 fixerunt;
1357 3937 1387 3983 nt

244 4008 296 4066 inter
304 4014 367 4068 alios
376 4014 506 4067 Pretorius
515 4012 707 4067 Alexandrinus
719 4012 788 4084 apud
800 4012 897 4067 Bedam
908 4014 954 4067 lib.
966 4014 998 4067 de
1006 4014 1158 4083 Aequinoct.
1165 4014 1277 4081 vernali,
1290 4017 1335 4085 qui
1346 4022 1385 4069 ost

245 4100 299 4153 tomo
310 4118 347 4153 m.
382 4099 409 4151 ls
426 4098 532 4169 iuquam
550 4115 610 4151 aar.
621 4096 794 4163 Phameuoth,
811 4098 856 4169 qni
868 4104 908 4153 eet
920 4117 967 4152 111.
977 4098 1034 4151 Kal.
1044 4099 1116 4167 Aps,
1127 4100 1321 4169 aequinoctium
1333 4101 1384 4153 col-

244 4178 332 4248 locarit,
349 4184 444 4237 honis
458 4182 541 4254 p'apae
557 4184 727 4253 temporibus.
761 4182 852 4253 ltaque
864 4181 1012 4254 μνημονικὸν
1024 4188 1066 4235 est
1076 4180 1208 4254 dpdpsqpa
1218 4184 1384 4237 eruditissimi

243 4262 341 4336 depleri,
355 4268 418 4321 dum
430 4268 457 4321 in
468 4268 572 4337 Uologie
584 4284 644 4338 pag.
657 4267 711 4321 193.
734 4268 878 4323 Pretorium
889 4269 928 4321 ait
936 4268 1006 4320 circa
1016 4267 1120 4321 initium
1130 4268 1285 4323 Diocletiani
1295 4268 1383 4336 aequi·

245 4354 342 4407 notium
352 4370 390 4407 ar.
398 4352 456 4407 Kal
468 4352 611 4417 definiissee
627 4352 673 4407 sed
684 4353 805 4407 Anatolio
817 4353 843 4407 id
855 4352 988 4416 convenit,
1002 4352 1077 4405 cuius
1091 4354 1191 4408 illuatre
1207 4354 1382 4422 fragmentum

244 4432 348 4491 describit
356 4438 484 4491 Eusebius
495 4438 539 4491 lib.
548 4456 593 4492 νττ.
606 4454 661 4508 cap.
671 4454 742 4493 τινι.
755 4454 789 4491 ex
801 4436 918 4491 eiusdem
927 4435 1094 4491 Paecbalibue
1104 4439 1265 4501 (lenonibus,
1276 4436 1345 4505 qnod
1355 4443 1382 4491 et

246 4514 299 4575 Beda
309 4528 496 4577 commemorat
505 4522 550 4577 lib.
562 4522 594 4577 de
605 4523 787 4592 Aequinoctio,
803 4522 848 4575 ubi
864 4530 889 4575 et
901 4521 1015 4573 Anatolii
1028 4523 1107 4575 verba
1120 4540 1153 4592 ex
1169 4522 1381 4592 depravatissima

245 4601 324 4663 Rudini
335 4608 547 4679 interpretatione
558 4624 693 4679 perperam
705 4612 810 4679 accepta
817 4608 930 4661 alienam
938 4606 966 4657 in
974 4608 1130 4661 mutentiam
1138 4607 1279 4675 detorquet
1296 4606 1380 4671 Quare

247 4704 288 4747 nu
302 4712 336 4748 ex
352 4710 384 4747 so
399 4694 513 4747 Anatolii
529 4693 630 4747 decreto
650 4698 776 4763 tauquam
796 4708 830 4745 ex
848 4691 920 4745 iente
935 4688 1074 4760 Epiphanii
1088 4691 1204 4745 docmina
1219 4688 1391 4762 produxerit*

246 4779 303 4833 nobis
314 4782 445 4855 integrum
457 4794 509 4839 nore
521 4784 573 4850 est,
585 4784 639 4837 tam
650 4778 778 4833 illustrem
789 4774 990 4847 disputationem
1000 4776 1103 4829 edendo
1114 4776 1321 4848 praetermittere.
