<?xml version="1.0" encoding="UTF-8"?>
<!DOCTYPE html PUBLIC "-//W3C//DTD XHTML 1.0 Transitional//EN"
    "http://www.w3.org/TR/xhtml1/DTD/xhtml1-transitional.dtd">
<html xmlns="http://www.w3.org/1999/xhtml" xml:lang="en" lang="en">
 <head>
  <title>
</title>
<meta http-equiv="Content-Type" content="text/html;charset=utf-8" />
  <meta name='ocr-system' content='tesseract 3.04.00' />
  <meta name='ocr-capabilities' content='ocr_page ocr_carea ocr_par ocr_line ocrx_word'/>
</head>
<body>
  <div class='ocr_page' id='page_1' title='image "./sepiphaniiepisc00epipgoog_0101.png"; bbox 0 0 3650 5642; ppageno 0'>
   <div class='ocr_carea' id='block_1_1' title="bbox 253 902 1359 1243">
    <p class='ocr_par' dir='ltr' id='par_1_1' title="bbox 253 902 1359 1243">
     <span class='ocr_line' id='line_1_1' title="bbox 253 902 1359 1009; baseline 0.017 -24"><span class='ocrx_word' id='word_1_1' title='bbox 253 902 454 987; x_wconf 72' lang='lat' dir='ltr'><strong>aa&#39;nuenn</strong></span> <span class='ocrx_word' id='word_1_2' title='bbox 565 936 593 993; x_wconf 87' lang='grc' dir='ltr'><strong>ι.</strong></span> <span class='ocrx_word' id='word_1_3' title='bbox 607 937 760 1009; x_wconf 68' lang='lat' dir='ltr'><strong>capererur</strong></span> <span class='ocrx_word' id='word_1_4' title='bbox 828 942 1044 999; x_wconf 67' lang='lat' dir='ltr'><strong>osmannae</strong></span> <span class='ocrx_word' id='word_1_5' title='bbox 1107 945 1239 1001; x_wconf 67' lang='lat' dir='ltr'><strong>nonnus</strong></span> <span class='ocrx_word' id='word_1_6' title='bbox 1262 952 1289 1003; x_wconf 77' lang='lat' dir='ltr'><strong>a</strong></span> <span class='ocrx_word' id='word_1_7' title='bbox 1312 949 1359 1003; x_wconf 71' lang='lat' dir='ltr'><strong>s·-</strong></span> 
     </span>
     <span class='ocr_line' id='line_1_2' title="bbox 254 1033 1324 1173; baseline 0.017 -18"><span class='ocrx_word' id='word_1_8' title='bbox 254 1102 533 1173; x_wconf 67' lang='lat' dir='ltr'><strong>ulpianensis·</strong></span> <span class='ocrx_word' id='word_1_9' title='bbox 567 1107 595 1165; x_wconf 90' lang='lat' dir='ltr'><strong>P.</strong></span> <span class='ocrx_word' id='word_1_10' title='bbox 607 1108 686 1163; x_wconf 83' lang='lat' dir='ltr'><strong>Silius</strong></span> <span class='ocrx_word' id='word_1_11' title='bbox 698 1108 783 1165; x_wconf 84' lang='lat' dir='ltr'><strong>Nerva</strong></span> <span class='ocrx_word' id='word_1_12' title='bbox 827 1112 1081 1171; x_wconf 79' lang='lat' dir='ltr'><strong>Silraunsetlierra</strong></span> <span class='ocrx_word' id='word_1_13' title='bbox 1106 1033 1216 1173; x_wconf 53' lang='lat' dir='ltr'><strong>crbmtux</strong></span> <span class='ocrx_word' id='word_1_14' title='bbox 1227 1123 1255 1173; x_wconf 86' lang='lat' dir='ltr'><strong>et</strong></span> <span class='ocrx_word' id='word_1_15' title='bbox 1264 1117 1324 1173; x_wconf 84' lang='lat' dir='ltr'><strong>Piso</strong></span> 
     </span>
     <span class='ocr_line' id='line_1_3' title="bbox 337 1204 382 1243; baseline -0.044 0"><span class='ocrx_word' id='word_1_16' title='bbox 337 1204 382 1243; x_wconf 70' lang='lat' dir='ltr'><strong>nil!</strong></span> 
     </span>
    </p>
   </div>
   <div class='ocr_carea' id='block_1_2' title="bbox 254 1272 1361 1769">
    <p class='ocr_par' dir='ltr' id='par_1_2' title="bbox 255 1272 1342 1378">
     <span class='ocr_line' id='line_1_4' title="bbox 255 1272 1342 1378; baseline 0.018 -53"><span class='ocrx_word' id='word_1_17' title='bbox 255 1272 283 1325; x_wconf 71' lang='lat' dir='ltr'><strong>ai</strong></span> <span class='ocrx_word' id='word_1_18' title='bbox 307 1272 469 1371; x_wconf 78' lang='lat' dir='ltr'><strong>Ullubellius</strong></span> <span class='ocrx_word' id='word_1_19' title='bbox 484 1276 534 1331; x_wconf 87' lang='lat' dir='ltr'><strong>Ge·</strong></span> <span class='ocrx_word' id='word_1_20' title='bbox 569 1278 696 1378; x_wconf 63' lang='lat' dir='ltr'><strong>Uibilius</strong></span> <span class='ocrx_word' id='word_1_21' title='bbox 714 1280 803 1335; x_wconf 85' lang='lat' dir='ltr'><strong>etGe·</strong></span> <span class='ocrx_word' id='word_1_22' title='bbox 830 1284 934 1341; x_wconf 82' lang='lat' dir='ltr'><strong>Gemini</strong></span> <span class='ocrx_word' id='word_1_23' title='bbox 943 1286 995 1341; x_wconf 94' lang='lat' dir='ltr'><strong>duo</strong></span> <span class='ocrx_word' id='word_1_24' title='bbox 1106 1288 1342 1345; x_wconf 84' lang='lat' dir='ltr'><strong>SilanusetNerra</strong></span> 
     </span>
    </p>

    <p class='ocr_par' dir='ltr' id='par_1_3' title="bbox 254 1376 1361 1549">
     <span class='ocr_line' id='line_1_5' title="bbox 254 1376 1361 1549; baseline 0.017 -53"><span class='ocrx_word' id='word_1_25' title='bbox 254 1376 467 1503; x_wconf 68' lang='lat' dir='ltr'><strong>sfnlll&#39;an</strong></span> <span class='ocrx_word' id='word_1_26' title='bbox 568 1380 718 1549; x_wconf 56' lang='lat' dir='ltr'><strong>offis·</strong></span> <span class='ocrx_word' id='word_1_27' title='bbox 734 1452 802 1509; x_wconf 72' lang='lat' dir='ltr'><strong>nan·</strong></span> <span class='ocrx_word' id='word_1_28' title='bbox 829 1456 912 1511; x_wconf 75' lang='lat' dir='ltr'><strong>nun</strong></span> <span class='ocrx_word' id='word_1_29' title='bbox 925 1458 1080 1513; x_wconf 70' lang='lat' dir='ltr'><strong>eumuna</strong></span> <span class='ocrx_word' id='word_1_30' title='bbox 1107 1458 1233 1516; x_wconf 71' lang='lat' dir='ltr'><strong>namna</strong></span> <span class='ocrx_word' id='word_1_31' title='bbox 1260 1466 1288 1536; x_wconf 70' lang='lat' dir='ltr'><strong>a</strong></span> <span class='ocrx_word' id='word_1_32' title='bbox 1310 1461 1361 1517; x_wconf 64' lang='lat' dir='ltr'><strong>aa</strong></span> 
     </span>
    </p>

    <p class='ocr_par' dir='ltr' id='par_1_4' title="bbox 254 1552 1359 1769">
     <span class='ocr_line' id='line_1_6' title="bbox 254 1552 1359 1699; baseline 0.019 -34"><span class='ocrx_word' id='word_1_33' title='bbox 254 1612 282 1665; x_wconf 75' lang='lat'><strong>³7</strong></span> <span class='ocrx_word' id='word_1_34' title='bbox 304 1614 393 1671; x_wconf 77' lang='lat' dir='ltr'><strong>buv.</strong></span> <span class='ocrx_word' id='word_1_35' title='bbox 569 1552 685 1677; x_wconf 46' lang='grc' dir='ltr'><strong>ΒιῢῐιζΙ</strong></span> <span class='ocrx_word' id='word_1_36' title='bbox 829 1628 945 1683; x_wconf 88' lang='lat' dir='ltr'><strong>Vinicius</strong></span> <span class='ocrx_word' id='word_1_37' title='bbox 953 1628 1080 1699; x_wconf 77' lang='lat' dir='ltr'><strong>atbongi-</strong></span> <span class='ocrx_word' id='word_1_38' title='bbox 1104 1561 1232 1684; x_wconf 52' lang='grc' dir='ltr'><strong>Βιιῗιῗῗι</strong></span> <span class='ocrx_word' id='word_1_39' title='bbox 1244 1630 1359 1686; x_wconf 80' lang='lat' dir='ltr'><strong>Rubelli·</strong></span> 
     </span>
     <span class='ocr_line' id='line_1_7' title="bbox 861 1712 1189 1769; baseline 0.006 -2"><span class='ocrx_word' id='word_1_40' title='bbox 861 1729 910 1767; x_wconf 87' lang='lat' dir='ltr'><strong>uus</strong></span> <span class='ocrx_word' id='word_1_41' title='bbox 924 1712 1030 1769; x_wconf 75' lang='lat' dir='ltr'><strong>Cassius</strong></span> <span class='ocrx_word' id='word_1_42' title='bbox 1138 1731 1189 1769; x_wconf 89' lang='lat' dir='ltr'><strong>nus</strong></span> 
     </span>
    </p>
   </div>
   <div class='ocr_carea' id='block_1_3' title="bbox 352 2032 1152 2203">
    <p class='ocr_par' dir='ltr' id='par_1_5' title="bbox 352 2032 1152 2203">
     <span class='ocr_line' id='line_1_8' title="bbox 698 2032 899 2097; baseline 0 0"><span class='ocrx_word' id='word_1_43' title='bbox 698 2032 726 2097; x_wconf 93' lang='lat' dir='ltr'>N</span> <span class='ocrx_word' id='word_1_44' title='bbox 742 2032 766 2097; x_wconf 95' lang='lat'>0</span> <span class='ocrx_word' id='word_1_45' title='bbox 783 2032 809 2097; x_wconf 83' lang='lat' dir='ltr'>T</span> <span class='ocrx_word' id='word_1_46' title='bbox 823 2032 851 2097; x_wconf 82' lang='lat' dir='ltr'>A</span> <span class='ocrx_word' id='word_1_47' title='bbox 866 2032 899 2097; x_wconf 88' lang='grc' dir='ltr'><strong>Ε.</strong></span> 
     </span>
     <span class='ocr_line' id='line_1_9' title="bbox 352 2124 1152 2203; baseline 0 -2"><span class='ocrx_word' id='word_1_48' title='bbox 352 2124 356 2131; x_wconf 84' lang='grc'><em>’</em></span> <span class='ocrx_word' id='word_1_49' title='bbox 448 2148 495 2201; x_wconf 83' lang='lat' dir='ltr'><strong>an</strong></span> <span class='ocrx_word' id='word_1_50' title='bbox 512 2146 691 2201; x_wconf 72' lang='lat' dir='ltr'><strong>moenera</strong></span> <span class='ocrx_word' id='word_1_51' title='bbox 709 2147 961 2203; x_wconf 82' lang='lat' dir='ltr'><strong>oonsunnnunu</strong></span> <span class='ocrx_word' id='word_1_52' title='bbox 977 2146 1152 2202; x_wconf 75' lang='lat' dir='ltr'><strong>nomnen.</strong></span> 
     </span>
    </p>
   </div>
   <div class='ocr_carea' id='block_1_4' title="bbox 205 2282 1382 4925">
    <p class='ocr_par' dir='ltr' id='par_1_6' title="bbox 292 2282 1064 2355">
     <span class='ocr_line' id='line_1_10' title="bbox 292 2282 1064 2355; baseline 0.003 -18"><span class='ocrx_word' id='word_1_53' title='bbox 292 2282 319 2337; x_wconf 89' lang='lat' dir='ltr'><strong>Iu</strong></span> <span class='ocrx_word' id='word_1_54' title='bbox 330 2282 369 2337; x_wconf 89' lang='lat' dir='ltr'><strong>bis</strong></span> <span class='ocrx_word' id='word_1_55' title='bbox 380 2300 448 2339; x_wconf 86' lang='lat' dir='ltr'><strong>coss.</strong></span> <span class='ocrx_word' id='word_1_56' title='bbox 458 2286 565 2355; x_wconf 85' lang='lat' dir='ltr'><strong>paribus</strong></span> <span class='ocrx_word' id='word_1_57' title='bbox 576 2285 702 2339; x_wconf 85' lang='lat' dir='ltr'><strong>nonnulla</strong></span> <span class='ocrx_word' id='word_1_58' title='bbox 713 2292 775 2339; x_wconf 89' lang='lat' dir='ltr'><strong>sunt</strong></span> <span class='ocrx_word' id='word_1_59' title='bbox 787 2286 966 2339; x_wconf 80' lang='lat' dir='ltr'><strong>observatione</strong></span> <span class='ocrx_word' id='word_1_60' title='bbox 978 2284 1064 2355; x_wconf 83' lang='lat' dir='ltr'><strong>digna.</strong></span> 
     </span>
    </p>

    <p class='ocr_par' dir='ltr' id='par_1_7' title="bbox 240 2366 1381 2777">
     <span class='ocr_line' id='line_1_11' title="bbox 293 2366 1379 2441; baseline 0 -19"><span class='ocrx_word' id='word_1_61' title='bbox 293 2366 319 2421; x_wconf 91' lang='lat' dir='ltr'><strong>lu</strong></span> <span class='ocrx_word' id='word_1_62' title='bbox 330 2387 364 2425; x_wconf 82' lang='lat' dir='ltr'><strong>rr.</strong></span> <span class='ocrx_word' id='word_1_63' title='bbox 375 2368 537 2441; x_wconf 78' lang='lat' dir='ltr'><strong>Epiphanius</strong></span> <span class='ocrx_word' id='word_1_64' title='bbox 548 2370 669 2425; x_wconf 86' lang='lat' dir='ltr'><strong>Pisonem</strong></span> <span class='ocrx_word' id='word_1_65' title='bbox 681 2390 709 2429; x_wconf 87' lang='lat' dir='ltr'><strong>n.</strong></span> <span class='ocrx_word' id='word_1_66' title='bbox 722 2372 855 2425; x_wconf 87' lang='lat' dir='ltr'><strong>consulam</strong></span> <span class='ocrx_word' id='word_1_67' title='bbox 866 2370 1001 2435; x_wconf 77' lang='lat' dir='ltr'>adscribit,</span> <span class='ocrx_word' id='word_1_68' title='bbox 1013 2368 1082 2440; x_wconf 84' lang='lat' dir='ltr'><strong>qnod</strong></span> <span class='ocrx_word' id='word_1_69' title='bbox 1094 2386 1177 2439; x_wconf 87' lang='lat' dir='ltr'><strong>neque</strong></span> <span class='ocrx_word' id='word_1_70' title='bbox 1189 2370 1216 2422; x_wconf 92' lang='lat' dir='ltr'><strong>in</strong></span> <span class='ocrx_word' id='word_1_71' title='bbox 1225 2368 1379 2441; x_wconf 80' lang='lat' dir='ltr'><strong>Capitolinis</strong></span> 
     </span>
     <span class='ocr_line' id='line_1_12' title="bbox 240 2454 1381 2524; baseline 0.005 -21"><span class='ocrx_word' id='word_1_72' title='bbox 240 2454 348 2521; x_wconf 72' lang='grc' dir='ltr'><strong>ιηιιὶιι</strong></span> <span class='ocrx_word' id='word_1_73' title='bbox 365 2454 461 2509; x_wconf 82' lang='lat' dir='ltr'><strong>Siculis</strong></span> <span class='ocrx_word' id='word_1_74' title='bbox 479 2456 595 2509; x_wconf 88' lang='lat' dir='ltr'><strong>additum</strong></span> <span class='ocrx_word' id='word_1_75' title='bbox 610 2462 662 2523; x_wconf 86' lang='lat' dir='ltr'><strong>est;</strong></span> <span class='ocrx_word' id='word_1_76' title='bbox 677 2456 723 2511; x_wconf 86' lang='lat' dir='ltr'><strong>sed</strong></span> <span class='ocrx_word' id='word_1_77' title='bbox 738 2457 771 2510; x_wconf 90' lang='lat' dir='ltr'><strong>ad</strong></span> <span class='ocrx_word' id='word_1_78' title='bbox 788 2456 867 2511; x_wconf 85' lang='lat' dir='ltr'><strong>Gnaei</strong></span> <span class='ocrx_word' id='word_1_79' title='bbox 883 2456 1011 2509; x_wconf 75' lang='lat' dir='ltr'><strong>duntaxat</strong></span> <span class='ocrx_word' id='word_1_80' title='bbox 1025 2454 1127 2509; x_wconf 89' lang='lat' dir='ltr'><strong>Pisonis</strong></span> <span class='ocrx_word' id='word_1_81' title='bbox 1144 2454 1319 2519; x_wconf 85' lang='lat' dir='ltr'><strong>consulatum,</strong></span> <span class='ocrx_word' id='word_1_82' title='bbox 1336 2455 1381 2524; x_wconf 88' lang='lat' dir='ltr'><strong>qni</strong></span> 
     </span>
     <span class='ocr_line' id='line_1_13' title="bbox 241 2538 1380 2611; baseline 0.002 -20"><span class='ocrx_word' id='word_1_83' title='bbox 241 2552 295 2591; x_wconf 83' lang='lat' dir='ltr'><strong>anuo</strong></span> <span class='ocrx_word' id='word_1_84' title='bbox 306 2540 375 2595; x_wconf 82' lang='lat' dir='ltr'><strong>urbia</strong></span> <span class='ocrx_word' id='word_1_85' title='bbox 387 2556 524 2596; x_wconf 79' lang='lat' dir='ltr'><strong>uocum.</strong></span> <span class='ocrx_word' id='word_1_86' title='bbox 537 2543 665 2599; x_wconf 81' lang='lat' dir='ltr'><strong>convenit.</strong></span> <span class='ocrx_word' id='word_1_87' title='bbox 687 2543 724 2595; x_wconf 78' lang='lat' dir='ltr'><strong>Ao</strong></span> <span class='ocrx_word' id='word_1_88' title='bbox 737 2542 837 2597; x_wconf 81' lang='lat' dir='ltr'><strong>ridetur</strong></span> <span class='ocrx_word' id='word_1_89' title='bbox 848 2559 881 2595; x_wconf 87' lang='lat' dir='ltr'><strong>ex</strong></span> <span class='ocrx_word' id='word_1_90' title='bbox 893 2559 925 2595; x_wconf 86' lang='lat' dir='ltr'><strong>eo</strong></span> <span class='ocrx_word' id='word_1_91' title='bbox 937 2546 1014 2595; x_wconf 87' lang='lat' dir='ltr'><strong>natus</strong></span> <span class='ocrx_word' id='word_1_92' title='bbox 1025 2558 1095 2594; x_wconf 86' lang='lat' dir='ltr'><strong>error</strong></span> <span class='ocrx_word' id='word_1_93' title='bbox 1106 2540 1176 2611; x_wconf 94' lang='lat' dir='ltr'><strong>quod</strong></span> <span class='ocrx_word' id='word_1_94' title='bbox 1188 2541 1252 2593; x_wconf 87' lang='lat' dir='ltr'><strong>alter</strong></span> <span class='ocrx_word' id='word_1_95' title='bbox 1264 2538 1380 2593; x_wconf 89' lang='lat' dir='ltr'><strong>eiusdem</strong></span> 
     </span>
     <span class='ocr_line' id='line_1_14' title="bbox 241 2624 1379 2697; baseline 0.004 -20"><span class='ocrx_word' id='word_1_96' title='bbox 241 2625 335 2679; x_wconf 83' lang='lat' dir='ltr'><strong>reninis</strong></span> <span class='ocrx_word' id='word_1_97' title='bbox 346 2624 374 2679; x_wconf 68' lang='lat' dir='ltr'><strong>Ia</strong></span> <span class='ocrx_word' id='word_1_98' title='bbox 386 2625 541 2697; x_wconf 81' lang='lat' dir='ltr'><strong>Calpurnius</strong></span> <span class='ocrx_word' id='word_1_99' title='bbox 553 2626 613 2682; x_wconf 86' lang='lat' dir='ltr'><strong>Piso</strong></span> <span class='ocrx_word' id='word_1_100' title='bbox 625 2627 784 2683; x_wconf 76' lang='lat' dir='ltr'><strong>Caesoninus</strong></span> <span class='ocrx_word' id='word_1_101' title='bbox 796 2644 865 2683; x_wconf 90' lang='lat' dir='ltr'><strong>anuo</strong></span> <span class='ocrx_word' id='word_1_102' title='bbox 878 2626 907 2681; x_wconf 90' lang='lat' dir='ltr'><strong>U.</strong></span> <span class='ocrx_word' id='word_1_103' title='bbox 920 2626 949 2681; x_wconf 83' lang='lat' dir='ltr'><strong>U.</strong></span> <span class='ocrx_word' id='word_1_104' title='bbox 961 2642 1106 2681; x_wconf 83' lang='lat' dir='ltr'><strong>nccxrrrr.</strong></span> <span class='ocrx_word' id='word_1_105' title='bbox 1119 2626 1203 2679; x_wconf 80' lang='lat' dir='ltr'><strong>inerit</strong></span> <span class='ocrx_word' id='word_1_106' title='bbox 1233 2625 1284 2679; x_wconf 86' lang='lat' dir='ltr'><strong>Sed</strong></span> <span class='ocrx_word' id='word_1_107' title='bbox 1294 2625 1338 2679; x_wconf 87' lang='lat' dir='ltr'><strong>ille</strong></span> <span class='ocrx_word' id='word_1_108' title='bbox 1350 2624 1379 2681; x_wconf 80' lang='lat' dir='ltr'><strong>b.</strong></span> 
     </span>
     <span class='ocr_line' id='line_1_15' title="bbox 241 2706 727 2777; baseline 0.014 -14"><span class='ocrx_word' id='word_1_109' title='bbox 241 2706 306 2777; x_wconf 79' lang='lat' dir='ltr'><strong>ibn,</strong></span> <span class='ocrx_word' id='word_1_110' title='bbox 317 2717 404 2765; x_wconf 79' lang='lat' dir='ltr'><strong>nmter</strong></span> <span class='ocrx_word' id='word_1_111' title='bbox 413 2710 456 2765; x_wconf 89' lang='lat' dir='ltr'><strong>hio</strong></span> <span class='ocrx_word' id='word_1_112' title='bbox 465 2728 525 2767; x_wconf 83' lang='lat' dir='ltr'><strong>rere</strong></span> <span class='ocrx_word' id='word_1_113' title='bbox 538 2712 617 2767; x_wconf 82' lang='lat' dir='ltr'><strong>Gnaei</strong></span> <span class='ocrx_word' id='word_1_114' title='bbox 628 2714 727 2771; x_wconf 91' lang='lat' dir='ltr'><strong>dicitnr.</strong></span> 
     </span>
    </p>

    <p class='ocr_par' dir='ltr' id='par_1_8' title="bbox 205 2795 1381 3025">
     <span class='ocr_line' id='line_1_16' title="bbox 292 2795 1381 2871; baseline 0 -20"><span class='ocrx_word' id='word_1_115' title='bbox 292 2798 320 2851; x_wconf 92' lang='lat' dir='ltr'><strong>ln</strong></span> <span class='ocrx_word' id='word_1_116' title='bbox 334 2816 379 2853; x_wconf 86' lang='lat' dir='ltr'><strong>ru.</strong></span> <span class='ocrx_word' id='word_1_117' title='bbox 396 2798 533 2853; x_wconf 89' lang='lat' dir='ltr'><strong>oonsulatu</strong></span> <span class='ocrx_word' id='word_1_118' title='bbox 547 2815 682 2871; x_wconf 87' lang='lat' dir='ltr'><strong>perperam</strong></span> <span class='ocrx_word' id='word_1_119' title='bbox 697 2800 767 2871; x_wconf 89' lang='lat' dir='ltr'><strong>apud</strong></span> <span class='ocrx_word' id='word_1_120' title='bbox 782 2798 958 2871; x_wconf 79' lang='lat' dir='ltr'><strong>Epiphaninm</strong></span> <span class='ocrx_word' id='word_1_121' title='bbox 971 2796 1000 2852; x_wconf 74' lang='lat' dir='ltr'><strong>Ia</strong></span> <span class='ocrx_word' id='word_1_122' title='bbox 1017 2796 1111 2851; x_wconf 83' lang='lat' dir='ltr'><strong>Caesar</strong></span> <span class='ocrx_word' id='word_1_123' title='bbox 1126 2814 1173 2867; x_wconf 93' lang='lat' dir='ltr'><strong>pro</strong></span> <span class='ocrx_word' id='word_1_124' title='bbox 1188 2795 1250 2850; x_wconf 81' lang='lat' dir='ltr'><strong>Caio</strong></span> <span class='ocrx_word' id='word_1_125' title='bbox 1266 2797 1381 2867; x_wconf 89' lang='lat' dir='ltr'><strong>positum</strong></span> 
     </span>
     <span class='ocr_line' id='line_1_17' title="bbox 240 2882 1381 2957; baseline 0 -22"><span class='ocrx_word' id='word_1_126' title='bbox 240 2888 276 2935; x_wconf 86' lang='lat' dir='ltr'><strong>eet</strong></span> <span class='ocrx_word' id='word_1_127' title='bbox 295 2882 358 2937; x_wconf 81' lang='lat' dir='ltr'><strong>Nam</strong></span> <span class='ocrx_word' id='word_1_128' title='bbox 368 2883 466 2939; x_wconf 82' lang='lat' dir='ltr'><strong>Lucina</strong></span> <span class='ocrx_word' id='word_1_129' title='bbox 478 2884 534 2939; x_wconf 87' lang='lat' dir='ltr'><strong>aius</strong></span> <span class='ocrx_word' id='word_1_130' title='bbox 544 2884 623 2941; x_wconf 80' lang='lat' dir='ltr'><strong>irater</strong></span> <span class='ocrx_word' id='word_1_131' title='bbox 634 2902 687 2943; x_wconf 89' lang='lat' dir='ltr'><strong>eos.</strong></span> <span class='ocrx_word' id='word_1_132' title='bbox 700 2885 863 2957; x_wconf 84' lang='lat' dir='ltr'><strong>designatus,</strong></span> <span class='ocrx_word' id='word_1_133' title='bbox 879 2889 1020 2955; x_wconf 87' lang='lat' dir='ltr'><strong>antequam</strong></span> <span class='ocrx_word' id='word_1_134' title='bbox 1034 2884 1216 2954; x_wconf 79' lang='lat' dir='ltr'><strong>magistratum</strong></span> <span class='ocrx_word' id='word_1_135' title='bbox 1229 2882 1319 2948; x_wconf 88' lang='lat' dir='ltr'><strong>iniret,</strong></span> <span class='ocrx_word' id='word_1_136' title='bbox 1336 2900 1381 2937; x_wconf 86' lang='lat' dir='ltr'><strong>ex·</strong></span> 
     </span>
     <span class='ocr_line' id='line_1_18' title="bbox 205 2966 377 3025; baseline 0.017 -6"><span class='ocrx_word' id='word_1_137' title='bbox 205 3000 207 3011; x_wconf 70' lang='lat'><strong>,</strong></span> <span class='ocrx_word' id='word_1_138' title='bbox 240 2966 317 3022; x_wconf 71' lang='lat' dir='ltr'><strong>buum</strong></span> <span class='ocrx_word' id='word_1_139' title='bbox 329 2974 377 3025; x_wconf 80' lang='lat' dir='ltr'><strong>eat</strong></span> 
     </span>
    </p>

    <p class='ocr_par' dir='ltr' id='par_1_9' title="bbox 240 3054 1381 3301">
     <span class='ocr_line' id='line_1_19' title="bbox 291 3054 1381 3127; baseline -0.002 -18"><span class='ocrx_word' id='word_1_140' title='bbox 291 3056 319 3109; x_wconf 91' lang='lat' dir='ltr'><strong>ln</strong></span> <span class='ocrx_word' id='word_1_141' title='bbox 329 3073 356 3111; x_wconf 83' lang='lat' dir='ltr'><strong>x.</strong></span> <span class='ocrx_word' id='word_1_142' title='bbox 368 3054 442 3109; x_wconf 80' lang='lat' dir='ltr'><strong>Fasti</strong></span> <span class='ocrx_word' id='word_1_143' title='bbox 453 3054 533 3109; x_wconf 86' lang='lat' dir='ltr'><strong>Siculi</strong></span> <span class='ocrx_word' id='word_1_144' title='bbox 545 3061 571 3109; x_wconf 89' lang='lat' dir='ltr'><strong>ot</strong></span> <span class='ocrx_word' id='word_1_145' title='bbox 581 3055 740 3127; x_wconf 73' lang='lat' dir='ltr'><strong>Epiphanius</strong></span> <span class='ocrx_word' id='word_1_146' title='bbox 753 3056 856 3111; x_wconf 80' lang='lat' dir='ltr'><strong>Aelium</strong></span> <span class='ocrx_word' id='word_1_147' title='bbox 868 3054 962 3109; x_wconf 84' lang='lat' dir='ltr'><strong>Catum</strong></span> <span class='ocrx_word' id='word_1_148' title='bbox 974 3061 1000 3109; x_wconf 93' lang='lat' dir='ltr'><strong>et</strong></span> <span class='ocrx_word' id='word_1_149' title='bbox 1008 3055 1178 3109; x_wconf 84' lang='lat' dir='ltr'><strong>Saturninum</strong></span> <span class='ocrx_word' id='word_1_150' title='bbox 1187 3055 1381 3125; x_wconf 88' lang='lat' dir='ltr'><strong>praeterierunt.</strong></span> 
     </span>
     <span class='ocr_line' id='line_1_20' title="bbox 241 3135 1380 3213; baseline 0.004 -23"><span class='ocrx_word' id='word_1_151' title='bbox 241 3135 278 3190; x_wconf 80' lang='lat' dir='ltr'><strong>led</strong></span> <span class='ocrx_word' id='word_1_152' title='bbox 292 3148 317 3193; x_wconf 89' lang='lat' dir='ltr'><strong>st</strong></span> <span class='ocrx_word' id='word_1_153' title='bbox 331 3140 428 3195; x_wconf 81' lang='lat' dir='ltr'><strong>trustn</strong></span> <span class='ocrx_word' id='word_1_154' title='bbox 444 3140 513 3212; x_wconf 89' lang='lat' dir='ltr'><strong>apud</strong></span> <span class='ocrx_word' id='word_1_155' title='bbox 528 3140 701 3213; x_wconf 81' lang='lat' dir='ltr'><strong>Epiphaniam</strong></span> <span class='ocrx_word' id='word_1_156' title='bbox 716 3143 830 3213; x_wconf 81' lang='lat' dir='ltr'><strong>Magnus</strong></span> <span class='ocrx_word' id='word_1_157' title='bbox 848 3142 987 3213; x_wconf 87' lang='lat' dir='ltr'><strong>Pompeius</strong></span> <span class='ocrx_word' id='word_1_158' title='bbox 1008 3159 1067 3195; x_wconf 91' lang='lat' dir='ltr'><strong>cnm</strong></span> <span class='ocrx_word' id='word_1_159' title='bbox 1086 3140 1189 3195; x_wconf 87' lang='lat' dir='ltr'><strong>Valerio</strong></span> <span class='ocrx_word' id='word_1_160' title='bbox 1210 3140 1380 3211; x_wconf 80' lang='lat' dir='ltr'><strong>componitur.</strong></span> 
     </span>
     <span class='ocr_line' id='line_1_21' title="bbox 240 3220 852 3301; baseline 0.013 -26"><span class='ocrx_word' id='word_1_161' title='bbox 240 3220 284 3277; x_wconf 82' lang='lat' dir='ltr'><strong>luit</strong></span> <span class='ocrx_word' id='word_1_162' title='bbox 293 3227 397 3281; x_wconf 84' lang='lat' dir='ltr'><strong>animis</strong></span> <span class='ocrx_word' id='word_1_163' title='bbox 410 3224 493 3281; x_wconf 82' lang='lat' dir='ltr'><strong>Cinna</strong></span> <span class='ocrx_word' id='word_1_164' title='bbox 503 3228 629 3298; x_wconf 74' lang='lat' dir='ltr'><strong>Magnus,</strong></span> <span class='ocrx_word' id='word_1_165' title='bbox 640 3245 694 3281; x_wconf 91' lang='lat' dir='ltr'><strong>nen</strong></span> <span class='ocrx_word' id='word_1_166' title='bbox 704 3228 852 3301; x_wconf 86' lang='lat' dir='ltr'><strong>Pompeius.</strong></span> 
     </span>
    </p>

    <p class='ocr_par' dir='ltr' id='par_1_10' title="bbox 240 3310 1382 3639">
     <span class='ocr_line' id='line_1_22' title="bbox 290 3310 1382 3385; baseline 0 -20"><span class='ocrx_word' id='word_1_167' title='bbox 290 3311 320 3365; x_wconf 91' lang='lat' dir='ltr'><strong>In</strong></span> <span class='ocrx_word' id='word_1_168' title='bbox 336 3329 382 3367; x_wconf 70' lang='grc' dir='ltr'><strong>ιιι</strong></span> <span class='ocrx_word' id='word_1_169' title='bbox 393 3312 486 3365; x_wconf 81' lang='lat' dir='ltr'><strong>ritiurn</strong></span> <span class='ocrx_word' id='word_1_170' title='bbox 503 3312 605 3385; x_wconf 83' lang='lat' dir='ltr'><strong>irrepsit</strong></span> <span class='ocrx_word' id='word_1_171' title='bbox 619 3314 715 3384; x_wconf 88' lang='lat' dir='ltr'><strong>partim</strong></span> <span class='ocrx_word' id='word_1_172' title='bbox 731 3330 764 3367; x_wconf 83' lang='lat' dir='ltr'><strong>ex</strong></span> <span class='ocrx_word' id='word_1_173' title='bbox 780 3312 888 3367; x_wconf 81' lang='lat' dir='ltr'><strong>suffecto</strong></span> <span class='ocrx_word' id='word_1_174' title='bbox 906 3328 959 3367; x_wconf 88' lang='lat' dir='ltr'><strong>coe.</strong></span> <span class='ocrx_word' id='word_1_175' title='bbox 975 3312 1061 3366; x_wconf 77' lang='lat' dir='ltr'><strong>Attalo</strong></span> <span class='ocrx_word' id='word_1_176' title='bbox 1078 3310 1215 3382; x_wconf 84' lang='lat' dir='ltr'><strong>Capitone,</strong></span> <span class='ocrx_word' id='word_1_177' title='bbox 1236 3310 1330 3381; x_wconf 88' lang='lat' dir='ltr'><strong>partim</strong></span> <span class='ocrx_word' id='word_1_178' title='bbox 1347 3328 1382 3365; x_wconf 81' lang='lat' dir='ltr'><strong>ex</strong></span> 
     </span>
     <span class='ocr_line' id='line_1_23' title="bbox 241 3396 1380 3453; baseline 0.002 -6"><span class='ocrx_word' id='word_1_179' title='bbox 241 3397 359 3449; x_wconf 77' lang='lat' dir='ltr'><strong>cruenta</strong></span> <span class='ocrx_word' id='word_1_180' title='bbox 370 3414 426 3453; x_wconf 83' lang='lat' dir='ltr'><strong>m.</strong></span> <span class='ocrx_word' id='word_1_181' title='bbox 457 3397 522 3451; x_wconf 79' lang='lat' dir='ltr'><strong>Cum</strong></span> <span class='ocrx_word' id='word_1_182' title='bbox 537 3399 607 3453; x_wconf 84' lang='lat' dir='ltr'><strong>euim</strong></span> <span class='ocrx_word' id='word_1_183' title='bbox 621 3414 689 3453; x_wconf 89' lang='lat' dir='ltr'><strong>anno</strong></span> <span class='ocrx_word' id='word_1_184' title='bbox 706 3398 782 3453; x_wconf 89' lang='lat' dir='ltr'><strong>Urbis</strong></span> <span class='ocrx_word' id='word_1_185' title='bbox 794 3414 930 3453; x_wconf 80' lang='lat' dir='ltr'><strong>nccnrvn.</strong></span> <span class='ocrx_word' id='word_1_186' title='bbox 942 3416 1009 3453; x_wconf 90' lang='lat' dir='ltr'><strong>coss.</strong></span> <span class='ocrx_word' id='word_1_187' title='bbox 1023 3398 1130 3453; x_wconf 80' lang='lat' dir='ltr'><strong>inerunt</strong></span> <span class='ocrx_word' id='word_1_188' title='bbox 1140 3396 1258 3451; x_wconf 84' lang='lat' dir='ltr'><strong>Tiberina</strong></span> <span class='ocrx_word' id='word_1_189' title='bbox 1275 3416 1303 3452; x_wconf 90' lang='lat' dir='ltr'><strong>rr.</strong></span> <span class='ocrx_word' id='word_1_190' title='bbox 1316 3401 1342 3449; x_wconf 88' lang='lat' dir='ltr'><strong>et</strong></span> <span class='ocrx_word' id='word_1_191' title='bbox 1353 3396 1380 3449; x_wconf 84' lang='lat'><strong>0.</strong></span> 
     </span>
     <span class='ocr_line' id='line_1_24' title="bbox 240 3476 1380 3555; baseline 0.004 -25"><span class='ocrx_word' id='word_1_192' title='bbox 240 3476 344 3535; x_wconf 84' lang='lat' dir='ltr'><strong>Fonteius</strong></span> <span class='ocrx_word' id='word_1_193' title='bbox 356 3481 462 3553; x_wconf 82' lang='lat' dir='ltr'><strong>Capito,</strong></span> <span class='ocrx_word' id='word_1_194' title='bbox 476 3500 544 3537; x_wconf 86' lang='lat' dir='ltr'><strong>anno</strong></span> <span class='ocrx_word' id='word_1_195' title='bbox 556 3500 617 3539; x_wconf 81' lang='lat' dir='ltr'><strong>saro</strong></span> <span class='ocrx_word' id='word_1_196' title='bbox 628 3499 737 3539; x_wconf 83' lang='lat' dir='ltr'><strong>ncenrx.</strong></span> <span class='ocrx_word' id='word_1_197' title='bbox 752 3484 876 3539; x_wconf 83' lang='lat' dir='ltr'><strong>suffectus</strong></span> <span class='ocrx_word' id='word_1_198' title='bbox 892 3484 970 3539; x_wconf 83' lang='lat' dir='ltr'><strong>inerit</strong></span> <span class='ocrx_word' id='word_1_199' title='bbox 985 3484 1090 3555; x_wconf 83' lang='lat' dir='ltr'><strong>Capito,</strong></span> <span class='ocrx_word' id='word_1_200' title='bbox 1107 3483 1153 3554; x_wconf 87' lang='lat' dir='ltr'><strong>qui</strong></span> <span class='ocrx_word' id='word_1_201' title='bbox 1162 3481 1255 3535; x_wconf 81' lang='lat' dir='ltr'><strong>Festos</strong></span> <span class='ocrx_word' id='word_1_202' title='bbox 1268 3482 1380 3536; x_wconf 88' lang='lat' dir='ltr'><strong>Graecos</strong></span> 
     </span>
     <span class='ocr_line' id='line_1_25' title="bbox 240 3566 1379 3639; baseline 0.002 -20"><span class='ocrx_word' id='word_1_203' title='bbox 240 3566 403 3632; x_wconf 82' lang='lat' dir='ltr'><strong>condiderunt,</strong></span> <span class='ocrx_word' id='word_1_204' title='bbox 415 3566 567 3639; x_wconf 81' lang='lat' dir='ltr'><strong>Capitonem</strong></span> <span class='ocrx_word' id='word_1_205' title='bbox 578 3586 625 3639; x_wconf 92' lang='lat' dir='ltr'><strong>pro</strong></span> <span class='ocrx_word' id='word_1_206' title='bbox 638 3568 766 3625; x_wconf 90' lang='lat' dir='ltr'><strong>ordinario</strong></span> <span class='ocrx_word' id='word_1_207' title='bbox 777 3578 944 3625; x_wconf 86' lang='lat' dir='ltr'><strong>numerantes</strong></span> <span class='ocrx_word' id='word_1_208' title='bbox 956 3586 1016 3625; x_wconf 88' lang='lat' dir='ltr'><strong>curn</strong></span> <span class='ocrx_word' id='word_1_209' title='bbox 1026 3570 1084 3624; x_wconf 84' lang='lat' dir='ltr'><strong>Tib.</strong></span> <span class='ocrx_word' id='word_1_210' title='bbox 1097 3568 1208 3623; x_wconf 78' lang='lat' dir='ltr'><strong>Gaesme</strong></span> <span class='ocrx_word' id='word_1_211' title='bbox 1218 3568 1379 3639; x_wconf 89' lang='lat' dir='ltr'><strong>copularunt.</strong></span> 
     </span>
    </p>

    <p class='ocr_par' dir='ltr' id='par_1_11' title="bbox 239 3652 1381 4307">
     <span class='ocr_line' id='line_1_26' title="bbox 291 3652 1381 3725; baseline 0 -19"><span class='ocrx_word' id='word_1_212' title='bbox 291 3652 378 3707; x_wconf 84' lang='lat' dir='ltr'><strong>lum.</strong></span> <span class='ocrx_word' id='word_1_213' title='bbox 387 3654 523 3707; x_wconf 86' lang='lat' dir='ltr'><strong>consulatu</strong></span> <span class='ocrx_word' id='word_1_214' title='bbox 528 3652 600 3709; x_wconf 83' lang='lat' dir='ltr'><strong>Fasti</strong></span> <span class='ocrx_word' id='word_1_215' title='bbox 609 3653 827 3709; x_wconf 79' lang='lat' dir='ltr'><strong>Siculi&#39;liberium</strong></span> <span class='ocrx_word' id='word_1_216' title='bbox 832 3654 969 3711; x_wconf 78' lang='lat' dir='ltr'><strong>Gaesarem</strong></span> <span class='ocrx_word' id='word_1_217' title='bbox 977 3674 1007 3711; x_wconf 81' lang='lat' dir='ltr'><strong>m</strong></span> <span class='ocrx_word' id='word_1_218' title='bbox 1016 3654 1200 3725; x_wconf 85' lang='lat' dir='ltr'><strong>etScipionem</strong></span> <span class='ocrx_word' id='word_1_219' title='bbox 1209 3655 1381 3719; x_wconf 82' lang='lat' dir='ltr'><strong>committunt,</strong></span> 
     </span>
     <span class='ocr_line' id='line_1_27' title="bbox 241 3732 1380 3811; baseline -0.002 -18"><span class='ocrx_word' id='word_1_220' title='bbox 241 3732 380 3808; x_wconf 72' lang='lat' dir='ltr'><strong>lapiphauius</strong></span> <span class='ocrx_word' id='word_1_221' title='bbox 392 3738 514 3793; x_wconf 77' lang='lat' dir='ltr'><strong>Flaccum</strong></span> <span class='ocrx_word' id='word_1_222' title='bbox 530 3744 556 3793; x_wconf 87' lang='lat' dir='ltr'><strong>et</strong></span> <span class='ocrx_word' id='word_1_223' title='bbox 569 3738 699 3811; x_wconf 83' lang='lat' dir='ltr'><strong>Silanum,</strong></span> <span class='ocrx_word' id='word_1_224' title='bbox 718 3742 762 3811; x_wconf 89' lang='lat' dir='ltr'><strong>qni</strong></span> <span class='ocrx_word' id='word_1_225' title='bbox 780 3758 837 3795; x_wconf 88' lang='lat' dir='ltr'><strong>esse</strong></span> <span class='ocrx_word' id='word_1_226' title='bbox 852 3741 943 3796; x_wconf 78' lang='lat' dir='ltr'><strong>debuit</strong></span> <span class='ocrx_word' id='word_1_227' title='bbox 958 3741 1108 3795; x_wconf 89' lang='lat' dir='ltr'><strong>consulatus</strong></span> <span class='ocrx_word' id='word_1_228' title='bbox 1121 3758 1207 3805; x_wconf 75' lang='lat' dir='ltr'><strong>uun,</strong></span> <span class='ocrx_word' id='word_1_229' title='bbox 1223 3756 1291 3793; x_wconf 87' lang='lat' dir='ltr'><strong>anno</strong></span> <span class='ocrx_word' id='word_1_230' title='bbox 1303 3738 1380 3792; x_wconf 85' lang='lat' dir='ltr'><strong>Urbis</strong></span> 
     </span>
     <span class='ocr_line' id='line_1_28' title="bbox 241 3823 1380 3897; baseline 0.003 -24"><span class='ocrx_word' id='word_1_231' title='bbox 241 3836 359 3879; x_wconf 80' lang='lat' dir='ltr'><strong>uccsrxra</strong></span> <span class='ocrx_word' id='word_1_232' title='bbox 381 3823 453 3877; x_wconf 87' lang='lat' dir='ltr'><strong>idem</strong></span> <span class='ocrx_word' id='word_1_233' title='bbox 464 3824 622 3895; x_wconf 82' lang='lat' dir='ltr'><strong>Epiphanius</strong></span> <span class='ocrx_word' id='word_1_234' title='bbox 634 3826 773 3881; x_wconf 74' lang='lat' dir='ltr'><strong>Saniorum</strong></span> <span class='ocrx_word' id='word_1_235' title='bbox 789 3826 898 3881; x_wconf 89' lang='lat' dir='ltr'><strong>duorum</strong></span> <span class='ocrx_word' id='word_1_236' title='bbox 914 3828 1054 3897; x_wconf 76' lang='lat' dir='ltr'><strong>collegium</strong></span> <span class='ocrx_word' id='word_1_237' title='bbox 1070 3831 1233 3879; x_wconf 77' lang='lat' dir='ltr'><strong>antevertens</strong></span> <span class='ocrx_word' id='word_1_238' title='bbox 1250 3830 1380 3895; x_wconf 85' lang='lat' dir='ltr'><strong>expuncto</strong></span> 
     </span>
     <span class='ocr_line' id='line_1_29' title="bbox 241 3904 1380 3983; baseline 0.004 -26"><span class='ocrx_word' id='word_1_239' title='bbox 241 3904 282 3961; x_wconf 80' lang='lat' dir='ltr'><strong>ilii</strong></span> <span class='ocrx_word' id='word_1_240' title='bbox 292 3914 317 3963; x_wconf 86' lang='lat' dir='ltr'><strong>et</strong></span> <span class='ocrx_word' id='word_1_241' title='bbox 326 3908 417 3963; x_wconf 81' lang='lat' dir='ltr'><strong>Planci</strong></span> <span class='ocrx_word' id='word_1_242' title='bbox 431 3910 568 3963; x_wconf 85' lang='lat' dir='ltr'><strong>consulatu</strong></span> <span class='ocrx_word' id='word_1_243' title='bbox 583 3910 711 3965; x_wconf 88' lang='lat' dir='ltr'><strong>decimum</strong></span> <span class='ocrx_word' id='word_1_244' title='bbox 727 3912 846 3983; x_wconf 89' lang='lat' dir='ltr'><strong>quintum</strong></span> <span class='ocrx_word' id='word_1_245' title='bbox 861 3929 877 3965; x_wconf 88' lang='lat' dir='ltr'><strong>a</strong></span> <span class='ocrx_word' id='word_1_246' title='bbox 892 3929 960 3968; x_wconf 92' lang='lat' dir='ltr'><strong>coes.</strong></span> <span class='ocrx_word' id='word_1_247' title='bbox 972 3913 1091 3983; x_wconf 80' lang='lat' dir='ltr'><strong>Angusto</strong></span> <span class='ocrx_word' id='word_1_248' title='bbox 1104 3930 1161 3965; x_wconf 86' lang='lat'>1111.</span> <span class='ocrx_word' id='word_1_249' title='bbox 1175 3915 1201 3963; x_wconf 89' lang='lat' dir='ltr'><strong>et</strong></span> <span class='ocrx_word' id='word_1_250' title='bbox 1212 3909 1301 3963; x_wconf 87' lang='lat' dir='ltr'><strong>Silano</strong></span> <span class='ocrx_word' id='word_1_251' title='bbox 1314 3926 1380 3962; x_wconf 86' lang='lat' dir='ltr'><strong>coss.</strong></span> 
     </span>
     <span class='ocr_line' id='line_1_30' title="bbox 240 3994 1380 4067; baseline 0 -20"><span class='ocrx_word' id='word_1_252' title='bbox 240 3996 297 4059; x_wconf 78' lang='lat' dir='ltr'><strong>pouit</strong></span> <span class='ocrx_word' id='word_1_253' title='bbox 307 3994 472 4049; x_wconf 79' lang='lat' dir='ltr'><strong>cumulatum</strong></span> <span class='ocrx_word' id='word_1_254' title='bbox 482 3995 568 4061; x_wconf 86' lang='lat' dir='ltr'><strong>illum,</strong></span> <span class='ocrx_word' id='word_1_255' title='bbox 584 4012 644 4050; x_wconf 87' lang='lat' dir='ltr'><strong>eum</strong></span> <span class='ocrx_word' id='word_1_256' title='bbox 656 4014 708 4053; x_wconf 80' lang='lat' dir='ltr'><strong>rvr.</strong></span> <span class='ocrx_word' id='word_1_257' title='bbox 720 4014 777 4051; x_wconf 89' lang='lat' dir='ltr'><strong>esse</strong></span> <span class='ocrx_word' id='word_1_258' title='bbox 789 3998 912 4053; x_wconf 79' lang='lat' dir='ltr'><strong>debuerit.</strong></span> <span class='ocrx_word' id='word_1_259' title='bbox 936 3998 1003 4053; x_wconf 85' lang='lat' dir='ltr'><strong>Tum</strong></span> <span class='ocrx_word' id='word_1_260' title='bbox 1014 4016 1068 4053; x_wconf 76' lang='grc' dir='ltr'><strong>ιιι.</strong></span> <span class='ocrx_word' id='word_1_261' title='bbox 1079 3996 1143 4050; x_wconf 84' lang='lat' dir='ltr'><strong>iacit</strong></span> <span class='ocrx_word' id='word_1_262' title='bbox 1157 3994 1310 4067; x_wconf 87' lang='lat' dir='ltr'><strong>Pompeium</strong></span> <span class='ocrx_word' id='word_1_263' title='bbox 1325 3994 1380 4047; x_wconf 82' lang='lat' dir='ltr'><strong>Ma·</strong></span> 
     </span>
     <span class='ocr_line' id='line_1_31' title="bbox 240 4079 1380 4153; baseline -0.002 -20"><span class='ocrx_word' id='word_1_264' title='bbox 240 4092 305 4144; x_wconf 72' lang='lat' dir='ltr'><strong>gnuur</strong></span> <span class='ocrx_word' id='word_1_265' title='bbox 320 4084 347 4135; x_wconf 85' lang='lat' dir='ltr'><strong>et</strong></span> <span class='ocrx_word' id='word_1_266' title='bbox 357 4080 509 4149; x_wconf 77' lang='lat' dir='ltr'><strong>Apuleium,</strong></span> <span class='ocrx_word' id='word_1_267' title='bbox 524 4081 570 4151; x_wconf 89' lang='lat' dir='ltr'><strong>qui</strong></span> <span class='ocrx_word' id='word_1_268' title='bbox 586 4097 645 4135; x_wconf 87' lang='lat' dir='ltr'><strong>eum</strong></span> <span class='ocrx_word' id='word_1_269' title='bbox 660 4082 836 4153; x_wconf 87' lang='lat' dir='ltr'><strong>superioribus</strong></span> <span class='ocrx_word' id='word_1_270' title='bbox 851 4082 930 4137; x_wconf 89' lang='lat' dir='ltr'><strong>iidem</strong></span> <span class='ocrx_word' id='word_1_271' title='bbox 945 4100 1002 4137; x_wconf 89' lang='lat' dir='ltr'><strong>esse</strong></span> <span class='ocrx_word' id='word_1_272' title='bbox 1013 4082 1140 4137; x_wconf 81' lang='lat' dir='ltr'><strong>ridentur.</strong></span> <span class='ocrx_word' id='word_1_273' title='bbox 1165 4080 1233 4135; x_wconf 87' lang='lat' dir='ltr'><strong>Nam</strong></span> <span class='ocrx_word' id='word_1_274' title='bbox 1248 4098 1263 4133; x_wconf 89' lang='lat' dir='ltr'><strong>e</strong></span> <span class='ocrx_word' id='word_1_275' title='bbox 1280 4079 1380 4133; x_wconf 89' lang='lat' dir='ltr'><strong>dnobus</strong></span> 
     </span>
     <span class='ocr_line' id='line_1_32' title="bbox 239 4160 1380 4239; baseline 0.001 -24"><span class='ocrx_word' id='word_1_276' title='bbox 239 4160 310 4218; x_wconf 76' lang='lat' dir='ltr'><strong>Sextis</strong></span> <span class='ocrx_word' id='word_1_277' title='bbox 325 4165 389 4219; x_wconf 86' lang='lat' dir='ltr'><strong>altar</strong></span> <span class='ocrx_word' id='word_1_278' title='bbox 399 4162 539 4235; x_wconf 83' lang='lat' dir='ltr'><strong>Pompeius</strong></span> <span class='ocrx_word' id='word_1_279' title='bbox 551 4162 650 4237; x_wconf 87' lang='lat' dir='ltr'><strong>Nepos,</strong></span> <span class='ocrx_word' id='word_1_280' title='bbox 667 4166 732 4221; x_wconf 90' lang='lat' dir='ltr'><strong>alter</strong></span> <span class='ocrx_word' id='word_1_281' title='bbox 743 4168 867 4239; x_wconf 80' lang='lat' dir='ltr'><strong>Apuleius</strong></span> <span class='ocrx_word' id='word_1_282' title='bbox 878 4168 965 4239; x_wconf 87' lang='lat' dir='ltr'><strong>Nepos</strong></span> <span class='ocrx_word' id='word_1_283' title='bbox 981 4167 1124 4239; x_wconf 70' lang='lat' dir='ltr'><strong>approbatus</strong></span> <span class='ocrx_word' id='word_1_284' title='bbox 1141 4173 1190 4222; x_wconf 81' lang='lat' dir='ltr'><strong>est</strong></span> <span class='ocrx_word' id='word_1_285' title='bbox 1222 4164 1296 4230; x_wconf 81' lang='lat' dir='ltr'><strong>Quod</strong></span> <span class='ocrx_word' id='word_1_286' title='bbox 1311 4164 1380 4217; x_wconf 89' lang='lat' dir='ltr'><strong>idem</strong></span> 
     </span>
     <span class='ocr_line' id='line_1_33' title="bbox 240 4248 684 4307; baseline 0.018 -8"><span class='ocrx_word' id='word_1_287' title='bbox 240 4248 314 4305; x_wconf 77' lang='lat' dir='ltr'><strong>unum</strong></span> <span class='ocrx_word' id='word_1_288' title='bbox 323 4252 352 4305; x_wconf 89' lang='lat' dir='ltr'><strong>in</strong></span> <span class='ocrx_word' id='word_1_289' title='bbox 363 4249 449 4303; x_wconf 77' lang='lat' dir='ltr'><strong>Fastis</strong></span> <span class='ocrx_word' id='word_1_290' title='bbox 460 4249 554 4305; x_wconf 83' lang='lat' dir='ltr'><strong>Siculis</strong></span> <span class='ocrx_word' id='word_1_291' title='bbox 564 4252 684 4307; x_wconf 85' lang='lat' dir='ltr'><strong>cernitur.</strong></span> 
     </span>
    </p>

    <p class='ocr_par' dir='ltr' id='par_1_12' title="bbox 289 4335 1212 4409">
     <span class='ocr_line' id='line_1_34' title="bbox 289 4335 1212 4409; baseline 0 -20"><span class='ocrx_word' id='word_1_292' title='bbox 289 4336 318 4389; x_wconf 86' lang='lat' dir='ltr'><strong>Iu</strong></span> <span class='ocrx_word' id='word_1_293' title='bbox 330 4354 396 4391; x_wconf 82' lang='lat' dir='ltr'><strong>mr.</strong></span> <span class='ocrx_word' id='word_1_294' title='bbox 407 4352 455 4407; x_wconf 89' lang='lat' dir='ltr'><strong>pro</strong></span> <span class='ocrx_word' id='word_1_295' title='bbox 467 4335 563 4389; x_wconf 80' lang='lat' dir='ltr'><strong>Bruma</strong></span> <span class='ocrx_word' id='word_1_296' title='bbox 574 4337 643 4409; x_wconf 90' lang='lat' dir='ltr'><strong>apud</strong></span> <span class='ocrx_word' id='word_1_297' title='bbox 653 4336 744 4408; x_wconf 82' lang='lat' dir='ltr'><strong>Epiph.</strong></span> <span class='ocrx_word' id='word_1_298' title='bbox 756 4344 783 4391; x_wconf 90' lang='lat' dir='ltr'><strong>et</strong></span> <span class='ocrx_word' id='word_1_299' title='bbox 793 4338 895 4393; x_wconf 86' lang='lat' dir='ltr'><strong>Siculos</strong></span> <span class='ocrx_word' id='word_1_300' title='bbox 905 4338 998 4391; x_wconf 82' lang='lat' dir='ltr'><strong>Festos</strong></span> <span class='ocrx_word' id='word_1_301' title='bbox 1008 4338 1093 4393; x_wconf 82' lang='lat' dir='ltr'><strong>scribe</strong></span> <span class='ocrx_word' id='word_1_302' title='bbox 1104 4338 1212 4390; x_wconf 71' lang='lat' dir='ltr'><strong>Drusus.</strong></span> 
     </span>
    </p>

    <p class='ocr_par' dir='ltr' id='par_1_13' title="bbox 240 4420 1382 4925">
     <span class='ocr_line' id='line_1_35' title="bbox 289 4420 1382 4493; baseline 0 -18"><span class='ocrx_word' id='word_1_303' title='bbox 289 4421 417 4493; x_wconf 84' lang='lat' dir='ltr'><strong>Deinceps</strong></span> <span class='ocrx_word' id='word_1_304' title='bbox 428 4437 511 4491; x_wconf 88' lang='lat' dir='ltr'><strong>usqua</strong></span> <span class='ocrx_word' id='word_1_305' title='bbox 522 4420 555 4475; x_wconf 86' lang='lat' dir='ltr'><strong>ad</strong></span> <span class='ocrx_word' id='word_1_306' title='bbox 566 4440 665 4479; x_wconf 68' lang='lat' dir='ltr'><strong>auru,</strong></span> <span class='ocrx_word' id='word_1_307' title='bbox 677 4424 841 4479; x_wconf 87' lang='lat' dir='ltr'><strong>consulatum</strong></span> <span class='ocrx_word' id='word_1_308' title='bbox 853 4424 926 4477; x_wconf 79' lang='lat' dir='ltr'><strong>Fasti</strong></span> <span class='ocrx_word' id='word_1_309' title='bbox 936 4422 1017 4480; x_wconf 84' lang='lat' dir='ltr'><strong>Siculi</strong></span> <span class='ocrx_word' id='word_1_310' title='bbox 1028 4439 1080 4477; x_wconf 92' lang='lat' dir='ltr'><strong>uno</strong></span> <span class='ocrx_word' id='word_1_311' title='bbox 1094 4440 1163 4477; x_wconf 90' lang='lat' dir='ltr'><strong>anno</strong></span> <span class='ocrx_word' id='word_1_312' title='bbox 1179 4420 1303 4475; x_wconf 79' lang='lat' dir='ltr'><strong>tardiores</strong></span> <span class='ocrx_word' id='word_1_313' title='bbox 1320 4426 1382 4475; x_wconf 86' lang='lat' dir='ltr'><strong>sunt</strong></span> 
     </span>
     <span class='ocr_line' id='line_1_36' title="bbox 241 4504 1380 4578; baseline 0.001 -18"><span class='ocrx_word' id='word_1_314' title='bbox 241 4518 301 4571; x_wconf 77' lang='lat' dir='ltr'><strong>quaer</strong></span> <span class='ocrx_word' id='word_1_315' title='bbox 311 4504 472 4578; x_wconf 78' lang='lat' dir='ltr'><strong>Epiphanius</strong></span> <span class='ocrx_word' id='word_1_316' title='bbox 483 4512 511 4561; x_wconf 87' lang='lat' dir='ltr'><strong>et</strong></span> <span class='ocrx_word' id='word_1_317' title='bbox 522 4504 667 4577; x_wconf 83' lang='lat' dir='ltr'><strong>Capitolini.</strong></span> <span class='ocrx_word' id='word_1_318' title='bbox 689 4506 756 4563; x_wconf 85' lang='lat' dir='ltr'><strong>Puta</strong></span> <span class='ocrx_word' id='word_1_319' title='bbox 766 4510 882 4563; x_wconf 80' lang='lat' dir='ltr'><strong>&#39;laurum</strong></span> <span class='ocrx_word' id='word_1_320' title='bbox 897 4514 924 4561; x_wconf 86' lang='lat' dir='ltr'><strong>et</strong></span> <span class='ocrx_word' id='word_1_321' title='bbox 937 4506 1065 4563; x_wconf 87' lang='lat' dir='ltr'><strong>Libonem</strong></span> <span class='ocrx_word' id='word_1_322' title='bbox 1081 4508 1109 4561; x_wconf 90' lang='lat' dir='ltr'><strong>in</strong></span> <span class='ocrx_word' id='word_1_323' title='bbox 1124 4512 1214 4561; x_wconf 75' lang='lat' dir='ltr'><strong>nosba</strong></span> <span class='ocrx_word' id='word_1_324' title='bbox 1230 4506 1296 4559; x_wconf 86' lang='lat' dir='ltr'><strong>serie</strong></span> <span class='ocrx_word' id='word_1_325' title='bbox 1308 4524 1380 4563; x_wconf 78' lang='lat' dir='ltr'><strong>mv.</strong></span> 
     </span>
     <span class='ocr_line' id='line_1_37' title="bbox 240 4590 1380 4665; baseline 0.004 -22"><span class='ocrx_word' id='word_1_326' title='bbox 240 4590 361 4655; x_wconf 78' lang='lat' dir='ltr'><strong>tolerant,</strong></span> <span class='ocrx_word' id='word_1_327' title='bbox 373 4607 452 4661; x_wconf 83' lang='lat' dir='ltr'><strong>quern</strong></span> <span class='ocrx_word' id='word_1_328' title='bbox 463 4592 542 4645; x_wconf 86' lang='lat' dir='ltr'><strong>ambo</strong></span> <span class='ocrx_word' id='word_1_329' title='bbox 552 4592 597 4647; x_wconf 92' lang='lat' dir='ltr'><strong>isti</strong></span> <span class='ocrx_word' id='word_1_330' title='bbox 605 4610 694 4659; x_wconf 80' lang='lat' dir='ltr'><strong>uun,</strong></span> <span class='ocrx_word' id='word_1_331' title='bbox 711 4600 737 4647; x_wconf 92' lang='lat' dir='ltr'><strong>et</strong></span> <span class='ocrx_word' id='word_1_332' title='bbox 748 4595 785 4648; x_wconf 72' lang='lat' dir='ltr'><strong>im</strong></span> <span class='ocrx_word' id='word_1_333' title='bbox 796 4594 925 4665; x_wconf 80' lang='lat' dir='ltr'><strong>deinceps.</strong></span> <span class='ocrx_word' id='word_1_334' title='bbox 949 4592 1029 4647; x_wconf 82' lang='lat' dir='ltr'><strong>Unius</strong></span> <span class='ocrx_word' id='word_1_335' title='bbox 1041 4610 1073 4647; x_wconf 84' lang='lat' dir='ltr'><strong>ea</strong></span> <span class='ocrx_word' id='word_1_336' title='bbox 1084 4608 1177 4647; x_wconf 86' lang='lat' dir='ltr'><strong>caussa</strong></span> <span class='ocrx_word' id='word_1_337' title='bbox 1189 4596 1229 4645; x_wconf 91' lang='lat' dir='ltr'><strong>est</strong></span> <span class='ocrx_word' id='word_1_338' title='bbox 1240 4592 1309 4661; x_wconf 86' lang='lat' dir='ltr'><strong>quod</strong></span> <span class='ocrx_word' id='word_1_339' title='bbox 1320 4592 1380 4665; x_wconf 84' lang='lat' dir='ltr'><strong>lipi-</strong></span> 
     </span>
     <span class='ocr_line' id='line_1_38' title="bbox 240 4671 1381 4751; baseline 0.004 -22"><span class='ocrx_word' id='word_1_340' title='bbox 240 4671 330 4739; x_wconf 77' lang='lat' dir='ltr'><strong>planes</strong></span> <span class='ocrx_word' id='word_1_341' title='bbox 347 4692 408 4729; x_wconf 83' lang='lat' dir='ltr'><strong>cuus</strong></span> <span class='ocrx_word' id='word_1_342' title='bbox 424 4677 520 4731; x_wconf 85' lang='lat' dir='ltr'><strong>extrito</strong></span> <span class='ocrx_word' id='word_1_343' title='bbox 535 4694 587 4731; x_wconf 91' lang='lat' dir='ltr'><strong>uno</strong></span> <span class='ocrx_word' id='word_1_344' title='bbox 604 4680 739 4733; x_wconf 88' lang='lat' dir='ltr'><strong>consulum</strong></span> <span class='ocrx_word' id='word_1_345' title='bbox 750 4680 820 4751; x_wconf 93' lang='lat' dir='ltr'><strong>pari,</strong></span> <span class='ocrx_word' id='word_1_346' title='bbox 837 4680 959 4735; x_wconf 86' lang='lat' dir='ltr'><strong>nimirum</strong></span> <span class='ocrx_word' id='word_1_347' title='bbox 976 4680 1039 4733; x_wconf 84' lang='lat' dir='ltr'><strong>anni</strong></span> <span class='ocrx_word' id='word_1_348' title='bbox 1049 4678 1125 4733; x_wconf 88' lang='lat' dir='ltr'><strong>Urbis</strong></span> <span class='ocrx_word' id='word_1_349' title='bbox 1137 4690 1267 4741; x_wconf 66' lang='lat' dir='ltr'><strong>necans„</strong></span> <span class='ocrx_word' id='word_1_350' title='bbox 1283 4678 1381 4733; x_wconf 82' lang='lat' dir='ltr'><strong>&#39;liberii</strong></span> 
     </span>
     <span class='ocr_line' id='line_1_39' title="bbox 240 4754 1380 4833; baseline 0.007 -24"><span class='ocrx_word' id='word_1_351' title='bbox 240 4754 295 4815; x_wconf 76' lang='lat' dir='ltr'><strong>Caes.</strong></span> <span class='ocrx_word' id='word_1_352' title='bbox 306 4768 332 4815; x_wconf 90' lang='lat' dir='ltr'><strong>at</strong></span> <span class='ocrx_word' id='word_1_353' title='bbox 341 4761 445 4817; x_wconf 75' lang='lat' dir='ltr'><strong>Fonteii</strong></span> <span class='ocrx_word' id='word_1_354' title='bbox 457 4760 602 4832; x_wconf 80' lang='lat' dir='ltr'><strong>Capitonis,</strong></span> <span class='ocrx_word' id='word_1_355' title='bbox 614 4762 755 4819; x_wconf 82' lang='lat' dir='ltr'><strong>Sextornm</strong></span> <span class='ocrx_word' id='word_1_356' title='bbox 766 4764 876 4819; x_wconf 87' lang='lat' dir='ltr'><strong>duorum</strong></span> <span class='ocrx_word' id='word_1_357' title='bbox 887 4766 1052 4819; x_wconf 86' lang='lat' dir='ltr'><strong>consulatum</strong></span> <span class='ocrx_word' id='word_1_358' title='bbox 1063 4762 1242 4833; x_wconf 86' lang='lat' dir='ltr'><strong>anticipasset,</strong></span> <span class='ocrx_word' id='word_1_359' title='bbox 1255 4778 1323 4818; x_wconf 89' lang='lat' dir='ltr'><strong>anno</strong></span> <span class='ocrx_word' id='word_1_360' title='bbox 1333 4762 1380 4817; x_wconf 89' lang='lat' dir='ltr'><strong>Ur·</strong></span> 
     </span>
     <span class='ocr_line' id='line_1_40' title="bbox 240 4840 1381 4925; baseline 0.005 -28"><span class='ocrx_word' id='word_1_361' title='bbox 240 4840 267 4897; x_wconf 85' lang='lat' dir='ltr'><strong>l&#39;u</strong></span> <span class='ocrx_word' id='word_1_362' title='bbox 277 4862 412 4913; x_wconf 69' lang='lat' dir='ltr'><strong>renuam,</strong></span> <span class='ocrx_word' id='word_1_363' title='bbox 428 4848 473 4918; x_wconf 87' lang='lat' dir='ltr'><strong>qui</strong></span> <span class='ocrx_word' id='word_1_364' title='bbox 489 4850 608 4918; x_wconf 84' lang='lat' dir='ltr'><strong>sequenti</strong></span> <span class='ocrx_word' id='word_1_365' title='bbox 623 4852 798 4923; x_wconf 85' lang='lat' dir='ltr'><strong>competebat,</strong></span> <span class='ocrx_word' id='word_1_366' title='bbox 813 4850 874 4907; x_wconf 90' lang='lat' dir='ltr'><strong>huic</strong></span> <span class='ocrx_word' id='word_1_367' title='bbox 890 4851 941 4925; x_wconf 83' lang='lat' dir='ltr'><strong>ipsi</strong></span> <span class='ocrx_word' id='word_1_368' title='bbox 951 4866 1088 4909; x_wconf 80' lang='lat' dir='ltr'><strong>uoeaxru.</strong></span> <span class='ocrx_word' id='word_1_369' title='bbox 1105 4848 1257 4925; x_wconf 85' lang='lat' dir='ltr'><strong>Pompeium</strong></span> <span class='ocrx_word' id='word_1_370' title='bbox 1273 4855 1300 4907; x_wconf 89' lang='lat' dir='ltr'><strong>et</strong></span> <span class='ocrx_word' id='word_1_371' title='bbox 1310 4850 1381 4921; x_wconf 77' lang='lat' dir='ltr'><strong>Apu·</strong></span> 
     </span>
    </p>
   </div>
   <div class='ocr_carea' id='block_1_5' title="bbox 0 0 1830 5642">
    <p class='ocr_par' dir='ltr' id='par_1_14' title="bbox 0 0 1830 5642">
     <span class='ocr_line' id='line_1_41' title="bbox 0 0 1830 5642; baseline 0 0"><span class='ocrx_word' id='word_1_372' title='bbox 0 0 1830 5642; x_wconf 95' lang='lat' dir='ltr'><strong> </strong></span> 
     </span>
    </p>
   </div>
  </div>
 </body>
</html>
