3650 5642
402 927 448 979 sl>
465 925 638 980 nunnuslu
653 925 805 992 exilum,
821 923 1252 980 nuumlcounulsuluneuu.

303 1045 348 1099 De
360 1046 679 1100 Antidicomerieniterum
689 1046 825 1116 dogmeto‚
837 1047 905 1117 quod
916 1046 1066 1100 Iovinianus
1077 1045 1270 1116 propugnabat,
1286 1051 1405 1098 eccnrets

238 1129 359 1199 d'npntet
370 1131 553 1201 Hieronymus.
573 1132 637 1186 Vide
654 1137 682 1186 et
697 1131 862 1186 Ambrosium
880 1148 939 1184 oum
957 1131 1015 1184 eliis
1032 1130 1058 1184 in
1076 1131 1152 1195 locie,
1170 1136 1226 1184 tum
1243 1129 1324 1201 Epist
1336 1134 1406 1186 uwel

238 1231 282 1270 nn
300 1215 353 1269 lib.
367 1235 387 1270 ι.

302 1300 341 1356 N.
354 1319 405 1356 vu.
428 1295 508 1362 olto<
519 1301 563 1373 ple
576 1301 622 1372 γὰρ
634 1301 648 1355 ὅ
660 1300 771 1373 Ἰωσήφ]
794 1301 892 1356 Debeo
903 1301 1041 1374 Epiphenii
1052 1302 1193 1364 sententie,
1205 1306 1232 1354 et
1243 1301 1350 1372 quinem
1361 1300 1404 1354 do·

238 1385 303 1439 mini
313 1385 416 1440 iretm
426 1388 466 1442 ilii
476 1387 585 1452 inerim,
602 1389 737 1458 copiosum
752 1387 833 1441 hebes
850 1389 1051 1459 disputationem
1065 1389 1093 1441 in
1105 1387 1237 1458 Apparetn
1248 1387 1280 1440 nd
1291 1387 1405 1440 Annelee

237 1469 442 1526 Becleeinsiicoe
453 1489 524 1526 nuru
533 1491 578 1527 ιι.
590 1487 622 1526 eo
632 1473 762 1544 deinceps.

304 1554 417 1625 Ὦβλίαν
428 1556 618 1627 ἑρμηνευόμενον
630 1558 730 1628 τεῖχος]
764 1559 857 1612 idoliue
869 1575 949 1628 quem
960 1559 1122 1628 Hegesippue
1134 1557 1204 1627 opud
1215 1556 1309 1610 liueeb.
1321 1559 1365 1613 lib.
1376 1575 1404 1612 ru

238 1655 294 1710 rep
303 1659 388 1696 xxm
400 1643 469 1696 unde
479 1641 543 1696 beec
554 1643 691 1713 desumpto
702 1651 776 1708 sunt,
792 1645 837 1713 qui
848 1642 942 1711 ὦβλίαν
954 1645 1136 1714 interpretetur
1148 1640 1263 1712 περιοχὴν
1280 1647 1324 1694 τοῦ
1340 1642 1403 1694 λαοῦ

238 1725 277 1776 zei
290 1726 461 1792 bermendesie.
482 1727 535 1780 Sed
546 1734 587 1782 eet
596 1728 721 1782 Hebraico
735 1699 848 1800 uisne
862 1747 925 1792 arr,
937 1729 991 1781 sive
1004 1732 1105 1780 monitio
1118 1730 1167 1781 cici.

306 1810 341 1866 N.
354 1829 393 1867 ιι.
417 1812 470 1865 Τοῦ
481 1811 508 1864 bi
520 1811 633 1881 Ἡρώδου
650 1807 679 1877 ἦν
697 1810 751 1864 κατ’
763 1811 840 1864 ἐκεῖνο
858 1816 964 1882 καιροῦ]
999 1813 1104 1866 Falsum
1122 1819 1162 1866 eet
1177 1811 1306 1866 Herodem
1322 1813 1403 1876 iilum,

239 1911 291 1964 qno
301 1902 436 1968 regnente
444 1913 540 1968 pessus
551 1905 591 1950 est
601 1897 737 1962 dominus,
748 1897 866 1952 Archelai
876 1899 957 1952 fuisse
969 1898 1065 1964 lilium,
1076 1898 1210 1968 multoque
1221 1897 1319 1966 megin,
1334 1897 1404 1966 quod

240 1982 360 2050 etpenlo
371 1983 550 2053 poetetiuitio
561 1983 647 2053 operis
658 1981 749 2047 buius,
766 1984 794 2036 in
810 1983 882 2036 celce
893 1983 968 2036 Tomi
984 1985 1089 2053 prioris,
1106 1983 1259 2046 difirmavit,
1275 1981 1403 2036 Herodem

241 2067 388 2138 Agrippum
397 2067 488 2122 tuisse.
522 2067 583 2120 Fuit
594 2069 663 2122 euim
674 2068 787 2122 Herodes
800 2069 908 2138 Antipee
920 2069 1028 2122 Herodis
1040 2069 1130 2138 magui
1141 2067 1223 2132 tilius,
1240 2073 1270 2120 ui
1286 2067 1404 2122 edilium

241 2149 329 2204 locum
342 2153 511 2206 obserentem
522 2159 571 2208 cet.

307 2235 343 2290 N.
354 2255 392 2291 ιι.
414 2234 494 2290 ’ilii
505 2236 539 2307 pi.
551 2242 624 2290 τοῦτο
636 2243 731 2308 στροφῇ
743 2237 774 2299 εἰς
786 2238 901 2306 βλάβην]
924 2237 1105 2307 Συνειςὰιιτους,
1122 2237 1169 2290 boe
1182 2242 1221 2290 est
1233 2239 1403 2292 contuberna-

242 2319 279 2372 les
289 2321 447 2376 clericorum
458 2323 583 2388 tornines,
595 2339 660 2393 quoe
673 2333 810 2376 extraneae
819 2323 906 2378 Latini
917 2331 1024 2388 vocent,
1036 2323 1191 2376 domuerunt
1202 2327 1300 2376 veteres
1312 2323 1359 2376 ΡΡ.
1372 2340 1402 2378 ec

244 2408 350 2476 saepius
360 2413 461 2462 veteres
472 2409 577 2477 synodi,
595 2415 625 2462 nt
639 2408 753 2463 Niceene
764 2408 885 2474 Genuu,
901 2409 1112 2478 Cnnbeginensis
1124 2427 1163 2462 ιιι.
1177 2405 1323 2472 Cen.xu11.,
1340 2409 1403 2462 Are·

242 2487 351 2546 meno·
361 2511 391 2548 ιι.
403 2492 707 2559 Ceu-ru.‚'l'oIetene1r.
719 2493 783 2548 Cen.
793 2511 869 2558 rur,
880 2493 992 2548 Basilius
1005 2493 1085 2564 Epist.
1097 2493 1129 2546 ed
1143 2492 1229 2562 Greg„
1247 2509 1314 2562 quae
1326 2509 1402 2546 ceno-

244 2575 301 2628 nice
318 2593 337 2630 e
352 2577 509 2632 Belnemone
525 2586 652 2644 censetur,
669 2578 826 2650 peg.1022.‚
842 2578 1003 2632 Antiocheue
1016 2579 1130 2647 synodus
1144 2580 1172 2632 iu
1189 2579 1298 2648 epistole
1314 2583 1403 2632 contre

242 2659 354 2716 Peulnm
364 2663 493 2719 Snmoset.
505 2663 791 2734 epudEueeb.lib.v11.
803 2680 859 2734 cop.
868 2683 940 2718 xxrv.
953 2664 994 2724 τὰς
1012 2663 1038 2716 δὲ
1051 2661 1218 2725 Συνειςὰνιτους
1231 2663 1306 2715 αὐτοῦ
1318 2667 1402 2733 γυναῖ-

245 2763 300 2815 ecc,
315 2745 352 2808 ὡς
363 2746 495 2820 ’λντιοχέις
509 2745 656 2819 ὀνομάζουσι
673 2755 720 2803 etc.
755 2749 866 2802 iieedem
883 2756 910 2802 ei
926 2750 1070 2820 insequitur
1087 2749 1179 2804 Noster
1195 2751 1223 2802 iu
1240 2749 1314 2802 Heer.
1327 2766 1401 2804 unu.

245 2845 313 2884 unm
326 2851 356 2888 ιι.
371 2833 414 2893 τὰς
425 2830 552 2904 ἀγαπητὸς
563 2833 695 2904 λεγομένας
713 2833 876 2896 συνιιςάατσυς
889 2838 1012 2904 γυναῖκας.
1046 2835 1218 2904 Hieronymus
1236 2835 1334 2905 passim
1351 2841 1401 2888 tre·

245 2912 328 2983 ducit,
343 2920 458 2974 mxime
474 2919 507 2972 ed
519 2918 687 2974 Eustochium
698 2919 780 2990 lipiet
788 2937 868 2974 usu:
896 2921 966 2974 Unde
977 2925 1004 2972 ιἰι
1016 2923 1137 2973 ecciesiae
1149 2925 1314 2990 uqupitorum
1320 2925 1402 2989 pertis

245 3004 358 3056 iromus
384 3004 454 3058 Unde
465 3009 519 3056 eine
530 3009 625 3074 rruptiie
636 3007 709 3058 oiied
720 3023 806 3058 οοιιιαο
817 3009 938 3058 uconmi
953 3011 1001 3058 imo
1018 3009 1084 3058 ende
1100 3023 1187 3058 nouum
1205 3007 1401 3060 concubinarum

244 3093 338 3150 poene!
360 3087 481 3144 Cerende
493 3105 554 3144 vero
565 3089 677 3144 lierieui
685 3089 792 3144 Victorii
801 3090 834 3143 ed
845 3089 914 3143 bunc
926 3091 1077 3158 Hieronymi
1088 3091 1175 3144 locum
1187 3091 1344 3154 observatio,
1357 3091 1401 3160 qui

246 3179 369 3242 egepera
380 3190 397 3226 α
408 3173 560 3228 christicole
571 3175 711 3240 conviviis,
727 3191 791 3246 qums
803 3171 899 3246 ἀγάπαις
909 3176 1059 3240 nominent,
1075 3175 1203 3228 derivetur
1216 3182 1316 3240 censet,
1333 3175 1402 3244 quod

247 3263 284 3308 est
294 3259 440 3314 ridiculum.

310 3343 379 3398 eaor
389 3344 433 3412 riu
444 3344 562 3413 itunae]
585 3345 711 3400 Febulnm
722 3343 789 3400 benc
799 3346 916 3416 plerique
928 3345 1056 3400 refellunt
1080 3345 1230 3398 Aristoteles
1242 3361 1301 3398 ecce
1313 3345 1357 3398 lib.
1367 3363 1402 3401 ιι.
1428 3369 1448 3409 ρ.
1459 3356 1502 3401 ιιι.

246 3424 337 3483 Hister.
349 3445 406 3501 rep.
415 3448 500 3484 xm:
522 3429 553 3482 ‘0
565 3429 592 3483 el
602 3429 696 3500 λεχθεὶς
708 3430 783 3500 μῦθος
796 3430 849 3501 κιρλ
860 3435 904 3482 τοῦ
916 3427 1041 3499 ἐκβάλλειν
1054 3429 1095 3490 τὰς
1107 3428 1208 3500 ὑστέρας
1220 3429 1344 3499 τίκτοντα,
1356 3429 1401 3497 λη-

248 3510 323 3580 ediec
334 3512 393 3567 ieri·
406 3514 517 3581 serenio
529 3515 557 3568 el
567 3513 594 3568 de
605 3519 650 3568 τοῦ
662 3515 777 3576 σπανίους
788 3509 846 3568 εἶναι
857 3517 914 3576 τους
926 3515 1037 3585 λέοντας,
1050 3513 1199 3586 ἀποροῦντος
1211 3513 1254 3584 τὴν
1267 3513 1344 3568 αἰτίαν
1357 3521 1400 3568 τοῦ

248 3595 286 3648 ιὀν
298 3600 373 3668 μῦθον
385 3599 518 3662 συνθέντος.
542 3601 594 3654 Sed
605 3607 632 3654 et
642 3599 812 3656 Philostretue
824 3608 852 3655 et
861 3602 915 3656 elii

308 3684 340 3738 N.
351 3703 392 3740 ιιι.
413 3685 497 3738 Μόνον
509 3685 591 3756 τούτῳ
602 3691 640 3756 τῷ
652 3683 786 3755 Ἰακώβῳ]
819 3686 891 3741 idem
901 3691 991 3740 nenet
1002 3687 1076 3742 Heer.
1087 3705 1169 3752 xxix„
1181 3703 1252 3742 num.
1264 3705 1306 3752 ru,
1317 3689 1363 3742 ubi
1375 3695 1401 3742 et

247 3770 324 3823 telem
334 3770 423 3824 iecobi
433 3769 567 3825 historiens
579 3776 708 3836 recenset,
724 3772 798 3825 cuine
813 3777 890 3825 notor
899 3772 1063 3844 Hegesippus
1077 3773 1144 3843 epod
1156 3773 1296 3826 Eusebium
1314 3775 1356 3827 lib.
1370 3791 1398 3830 ιι.

247 3866 299 3923 ουρ.
307 3871 393 3920 xxrrc,
404 3856 450 3925 qui
460 3855 487 3909 id
497 3857 627 3910 veteribus
638 3857 780 3927 persensit,
791 3863 821 3909 ut
832 3856 988 3926 Hieronymo
1001 3861 1044 3912 lib.
1057 3858 1089 3910 de
1101 3857 1205 3928 Scriptt
1217 3857 1313 3912 Eccles.
1348 3859 1400 3912 Sed

247 3941 324 3994 nolte
334 3947 398 3994 eunt
408 3941 436 3994 in
447 3940 556 3996 butorie
565 3943 624 4006 ilie,
640 3957 708 4012 quse
718 3943 852 3996 nonnullis
863 3942 1006 4012 displicent.
1041 3943 1157 4012 Scaliger
1170 3959 1230 3996 uero
1242 3945 1268 3996 io
1282 3943 1399 3998 Aoimnd.

246 4023 277 4074 ed
290 4041 390 4080 meum
402 4043 541 4081 ιιιιιιιτιι.
559 4033 685 4096 nequem
701 4027 805 4080 ineuem
815 4027 933 4080 inbolam
946 4029 1051 4096 respuit.
1087 4027 1303 4098 Reprehensionis
1315 4029 1399 4097 capite

246 4105 304 4163 itero
315 4111 371 4164 iere
382 4118 451 4164 enni.
471 4109 545 4174 Quod
556 4111 650 4164 lecobo
661 4113 711 4164 soii
722 4112 812 4164 scribit
823 4112 985 4182 Hegesippus
997 4114 1024 4164 iu
1035 4123 1125 4166 sencio
1137 4123 1285 4166 sauctorum
1298 4112 1399 4182 ingredi

246 4189 353 4249 licuisse.
375 4196 456 4265 Atqui
466 4198 512 4250 uni
522 4213 626 4250 summo
636 4195 765 4266 pontifici,
780 4197 857 4266 idque
869 4199 950 4250 semel
962 4197 988 4250 in
1001 4213 1083 4260 enno,
1101 4215 1254 4252 concessum
1271 4205 1334 4252 eret.
1359 4197 1398 4250 ie·

247 4279 320 4334 cobus
337 4287 427 4334 eutem
443 4297 477 4334 ue
492 4280 585 4334 Lerite
601 4281 705 4364 lypidem
722 4287 786 4334 eret
820 4281 918 4335 Deinde
937 4283 998 4351 quie
1015 4297 1109 4334 censue
1126 4299 1171 4336 cur
1188 4281 1219 4343 εἰς
1232 4282 1262 4334 τὰ
1274 4281 1330 4351 ἅγια
1342 4299 1397 4352 μοι·

248 4366 336 4419 mineus
347 4367 383 4420 sit
392 4365 491 4429 editus,
502 4365 567 4419 bueo
578 4365 692 4431 effertur,
704 4366 774 4436 quod
785 4367 859 4420 lineis
871 4367 999 4431 vestibus,
1012 4383 1063 4420 uon
1076 4369 1171 4430 laneis,
1188 4375 1308 4420 uteretur.
1343 4367 1397 4418 lloc

248 4456 327 4504 eoem
343 4451 407 4504 eolis
423 4451 611 4515 mordetibue,
627 4467 688 4506 eum
705 4451 786 4504 eserie
802 4453 983 4521 opernbnuiur,
1000 4453 1098 4506 licitum
1115 4453 1171 4506 luit.
1204 4452 1289 4506 Tertio
1306 4459 1396 4520 gentes

249 4535 348 4588 uicum
358 4535 461 4590 iudeeie
472 4537 638 4601 convenisse,
656 4536 727 4606 quod
743 4536 884 4590 ebenrdum
900 4543 952 4600 est3
969 4552 1053 4606 neque
1067 4539 1135 4590 euim
1149 4539 1258 4606 gentiles
1269 4535 1301 4588 ed
1314 4537 1396 4592 ullum

250 4614 393 4673 indecorum
409 4620 506 4674 ieetum
523 4620 696 4675 continebunt.
730 4620 953 4685 Quemedmodnm
965 4631 991 4675 ct
1001 4620 1064 4674 illud
1076 4621 1170 4674 fulsum
1183 4620 1252 4690 quod
1265 4639 1302 4676 ιιι
1314 4624 1396 4676 tribue

251 4702 354 4758 moure
361 4705 432 4769 dicit,
443 4722 504 4759 cnm
513 4722 560 4776 per
571 4707 634 4760 illud
642 4713 744 4777 tempor
756 4705 823 4760 duee
833 4713 935 4762 tentum
946 4707 1038 4770 iorent,
1049 4707 1163 4776 reliques
1176 4723 1191 4759 x
1205 4707 1301 4776 pridem
1314 4709 1341 4760 in
1353 4723 1395 4760 ce·

251 4789 383 4854 ptiritetem
401 4789 536 4845 obductae.
570 4790 667 4855 Quarto
679 4790 785 4845 Osenue
794 4791 873 4845 reiert
883 4809 900 4844 e
909 4791 1010 4844 ludceis
1022 4793 1205 4855 ecclemetnur,
1223 4791 1292 4860 quud
1303 4793 1329 4846 in
1341 4810 1395 4846 ece·

251 4876 352 4946 mpegie
361 4875 449 4932 sotum
459 4875 620 4942 obnubunt,
635 4891 695 4932 cnm
708 4892 796 4932 remos
806 4892 842 4930 ex
853 4876 989 4930 uberibus
1000 4875 1183 4947 debingereut.
1219 4875 1313 4940 Quinto
1324 4878 1395 4934 leco·
