3650 5642
1254 620 1398 678 LXXXIX

241 796 328 833 mense
342 780 404 833 mni
419 778 560 849 saponaria
574 776 733 831 inchoatum.
759 776 852 849 Ooepit
867 777 937 830 onim
947 776 1005 831 ilat
1015 777 1118 831 Ianuar.
1129 776 1193 831 nuni
1202 776 1297 831 Iuliani
1306 794 1397 832 cxxiv.

241 864 404 919 Atiinncias
423 870 450 918 et
466 862 571 917 Cassius
589 878 657 917 coes.
674 862 791 917 incidant
807 864 835 917 in
852 862 982 916 lulianam
995 880 1087 929 nnn,
1103 861 1200 916 Tiberii
1216 878 1271 917 xer.
1288 862 1343 915 iam
1357 862 1398 915 in·

242 951 365 1005 rhoetum.

305 1036 339 1089 hc
349 1035 382 1089 de
393 1036 504 1091 Vinaoio
517 1038 542 1087 et
554 1034 643 1088 Cassio
654 1038 787 1105 postrema
798 1038 916 1105 superest
926 1032 1131 1103 difficillimeque
1141 1033 1273 1104 qaeestio,
1285 1033 1399 1087 iidemne

241 1122 278 1174 illi
285 1122 335 1175 sint
342 1136 408 1192 qnos
417 1120 525 1175 Tacitus
534 1120 624 1173 scribit
632 1121 648 1173 L
655 1138 690 1175 rr.
700 1120 767 1171 Anu.
776 1134 936 1191 progeneroe
945 1134 961 1172 a
969 1118 1073 1191 'liberio
1081 1119 1185 1183 unitos,
1196 1134 1221 1173 a.
1228 1134 1398 1183 occanum,

242 1205 294 1261 Ser.
307 1206 391 1261 Galba
401 1212 428 1259 et
438 1206 467 1261 L.
481 1205 555 1259 Sulla
566 1221 633 1260 coss.
657 1204 725 1259 Nam
740 1204 769 1257 L.
783 1202 872 1258 Cassio
884 1204 1040 1269 Drusillam,
1055 1204 1200 1258 Uinicio
1211 1204 1318 1269 lahem,
1334 1203 1398 1259 Ger·

241 1292 331 1345 mamni
340 1292 423 1357 filias,
436 1292 577 1346 collocatas
588 1306 646 1344 esse
658 1295 754 1344 amat.
785 1290 897 1355 Vinicio,
909 1290 1006 1360 inquit,
1019 1292 1174 1360 oppidanum
1184 1307 1271 1358 pesas.
1294 1290 1400 1343 Calibus

242 1388 317 1441 onas,
331 1386 408 1449 patre
424 1388 498 1447 atque
516 1394 564 1429 oco
577 1376 764 1440 consularibus,
782 1384 886 1428 caetero
897 1379 1006 1446 equestri
1009 1376 1119 1444 familia
1130 1384 1200 1439 aar,
1216 1378 1285 1428 aias
1298 1379 1399 1444 iaqeaio

242 1472 267 1513 st
275 1472 384 1533 coaptas
388 1464 543 1532 facundiae.
567 1461 671 1515 Casius
680 1462 764 1532 plebei
775 1461 870 1515 Romae
883 1465 997 1530 peona,
1012 1478 1098 1513 mrum
1113 1463 1213 1530 antiqui
1226 1460 1399 1532 honoratique,

241 1558 265 1599 es
274 1564 357 1599 mero
364 1552 456 1617 patrie
467 1548 607 1618 disciplina
619 1549 736 1611 eductus,
746 1547 881 1616 facilitate
898 1550 1002 1616 saepius
1016 1564 1091 1614 paen
1100 1546 1230 1599 indurata
1242 1547 1399 1600 conmenda-

241 1632 317 1685 batsr.
333 1632 399 1685 Mox
412 1632 518 1687 eosdem
528 1634 635 1685 inesses
646 1631 767 1703 appellat.
786 1630 855 1685 Sane
866 1631 926 1684 illos
937 1622 1009 1701 ipsos
1021 1647 1080 1685 osse
1091 1631 1137 1701 qai
1147 1645 1215 1685 coss.
1227 1631 1310 1685 tribas
1321 1633 1398 1685 mnis

240 1724 295 1769 sata
305 1717 422 1782 lucrm,
434 1718 544 1771 suadent
554 1718 612 1788 ipsa
622 1718 735 1787 primam
746 1718 867 1780 nomina;
883 1717 933 1769 stsi
944 1714 1029 1770 Cassii
1039 1730 1198 1787 praenomen
1208 1716 1277 1787 opud
1287 1716 1398 1771 Dionem

240 1792 368 1867 sit'Caias,
381 1820 435 1855 non
448 1802 554 1857 Lucius.-
566 1802 695 1872 quomodo
707 1802 787 1855 etiam
798 1818 815 1855 a
825 1801 969 1872 Pomponio
980 1802 1026 1857 lib.
1039 1802 1071 1854 de
1083 1800 1154 1871 Orig.
1166 1800 1233 1854 laris
1244 1802 1398 1871 appellatur,

239 1888 282 1955 qni
297 1894 320 1940 st
334 1888 551 1941 iurisconsultnm
568 1888 641 1941 illam
660 1886 688 1941 0.
700 1886 819 1941 Cassiam
836 1887 986 1957 Longinum
1003 1902 1062 1940 cnm
1079 1884 1129 1939 hoo
1145 1892 1235 1940 acano
1255 1886 1398 1951 confundit,

239 1973 357 2042 probante
369 1971 546 2043 (laspiniano,
562 1974 720 2027 reclamante
735 1988 797 2027 uero
814 1972 909 2043 Lipsio.
932 1971 1202 2027 submersiones
1218 1972 1247 2025 in
1258 1970 1321 2026 cuo
1331 1972 1397 2026 Dra-

241 2058 317 2111 sillarn
331 2057 361 2112 L.
372 2056 466 2113 Cassio
477 2058 595 2127 Longino
607 2058 727 2128 nupsisse
738 2057 858 2128 prodidit
882 2056 953 2121 Quas
964 2057 998 2110 ab
1010 2072 1115 2111 caussas
1126 2073 1204 2111 nemo
1215 2056 1340 2112 haotenm
1351 2057 1398 2112 da·

240 2142 324 2195 hiterii
338 2144 406 2214 qaia
422 2144 501 2197 ambo
517 2143 555 2197 illi
567 2142 716 2197 Germanici
732 2143 822 2213 generi
838 2158 906 2197 coes.
919 2141 1088 2195 luerintaani
1098 2157 1264 2198 oacnmrrr.
1296 2143 1398 2197 Primae

240 2226 356 2298 lieplerus
367 2230 398 2281 in
409 2228 516 2299 Eclogis
527 2228 677 2295 addubitans
689 2228 787 2299 coepit,
803 2233 829 2281 et
846 2227 951 2298 quidem
963 2227 1029 2281 iare.
1053 2226 1122 2281 Nam
1133 2228 1192 2298 qais
1202 2233 1276 2299 putet
1285 2238 1398 2299 praeter·

240 2314 372 2366 musarum
383 2312 452 2367 haec
461 2314 593 2377 Tacitum,
605 2330 665 2366 cum
676 2314 810 2383 utriusque
823 2319 977 2367 ornamenta
986 2317 1148 2366 recenseret?
1165 2314 1245 2383 Atqui
1256 2312 1288 2365 de
1297 2314 1398 2369 Vinicio

241 2414 313 2451 anan
323 2397 373 2452 hoc
385 2400 488 2464 retulit,
499 2404 571 2469 patre
583 2405 661 2469 atque
673 2416 720 2453 avo
733 2399 913 2453 consularibus
925 2397 1062 2452 oriundam
1073 2397 1162 2452 misso.
1179 2398 1217 2451 lie
1226 2397 1316 2453 Cassio
1328 2415 1398 2465 varo,

241 2484 326 2551 plebeii
332 2483 416 2537 faisse
425 2485 537 2554 generis.
556 2482 730 2547 Quamobrem
738 2490 839 2538 certum
848 2482 912 2537 mihi
921 2489 962 2537 ost
969 2483 1086 2537 hiereos
1094 2484 1160 2537 istos
1168 2498 1226 2537 cese
1234 2500 1252 2538 a
1260 2500 1325 2539 cesa
1335 2486 1399 2539 anni

241 2582 408 2633 nucarum,
420 2570 540 2639 quamuis
552 2568 621 2623 idem
633 2586 729 2623 nomen
740 2568 884 2623 habuerint.
902 2568 1028 2623 Suetonio
1036 2584 1098 2622 vero
1109 2568 1253 2623 similitudo
1260 2570 1398 2625 nominum

240 2652 388 2722 imposuisse
399 2654 510 2719 ridetur,
526 2660 556 2708 at
571 2656 734 2709 consularem
746 2660 851 2709 vomet
862 2652 995 2719 Cassiam,
1012 2655 1082 2725 qnod
1098 2651 1228 2725 ὁμώνυμος
1242 2656 1308 2709 altor
1317 2655 1397 2726 paulo

240 2746 294 2790 aute
304 2740 470 2793 aonanhtnm
482 2740 615 2810 gessisset
632 2740 701 2793 Haec
713 2738 745 2793 de
756 2756 823 2793 cose.
834 2740 867 2792 ab
876 2738 1021 2810 Epiphanio
1031 2741 1167 2794 recensitis
1177 2740 1329 2811 diligendus
1340 2756 1398 2812 per·

241 2825 306 2893 sequi
321 2840 418 2895 operas
436 2825 547 2895 pretinm
562 2824 625 2889 lait;
641 2825 709 2896 quod
725 2842 759 2879 sx
775 2826 880 2879 illoram
895 2830 1021 2879 contextu
1037 2831 1099 2896 apta
1112 2840 1290 2896 suspensaque
1306 2826 1341 2879 eit
1351 2842 1397 2880 an·

240 2924 323 2961 noram
335 2909 433 2963 Christi
444 2910 536 2975 series3
548 2910 708 2981 proindeque
720 2911 912 2964 substractione
922 2911 975 2963 ista
985 2926 1052 2981 opus
1060 2911 1141 2964 estiis
1150 2911 1294 2981 quiveram
1302 2910 1398 2965 Christi

240 2994 344 3047 natalem
355 2996 516 3063 mroshgaro
528 2994 643 3049 studenti
656 3012 735 3066 qaam
747 2996 930 3049 stabiliendam
940 2995 1149 3067 lalcieudemqae
1160 2997 1253 3049 mento
1263 2996 1314 3049 sibl
1322 2996 1400 3050 duxit

240 3076 357 3149 Kepleras
369 3081 427 3133 eins
439 3079 622 3151 disputationis
639 3081 715 3135 initio
733 3096 811 3151 qaam
823 3081 855 3134 de
868 3080 965 3135 Christi
974 3081 1056 3134 mtali
1066 3087 1128 3134 ante
1139 3082 1239 3151 aliquot
1249 3097 1332 3135 annos
1343 3083 1398 3136 alu·

241 3165 356 3219 cabrarit
384 3164 415 3219 ln
431 3180 485 3236 qao
500 3166 614 3236 primum
631 3167 746 3219 omnium
759 3164 937 3219 Romanorum
952 3182 1019 3219 coss.
1030 3171 1183 3237 perpetuam
1197 3167 1398 3233 successionem,

241 3264 314 3319 equa
329 3250 451 3305 nonnulli
468 3252 618 3305 consulatus
632 3252 725 3321 quinos
741 3250 912 3305 detrahendos
929 3252 1057 3321 putabant
1067 3250 1224 3305 firmissimis
1234 3254 1397 3321 armentis

242 3336 419 3389 communitam
430 3336 544 3407 reliquit.
562 3336 614 3389 Sed
623 3342 664 3389 est
672 3337 795 3407 quiddam
806 3342 907 3401 umen,
919 3336 990 3406 quod
1000 3336 1035 3389 ab
1047 3352 1078 3389 so
1089 3337 1176 3389 miuus
1188 3337 1397 3393 animaduersum

240 3416 275 3471 hic
286 3422 368 3475 obiter
379 3421 538 3486 adscribam,
556 3427 586 3475 nt
596 3422 686 3476 cadem
699 3438 778 3494 opera
788 3422 872 3476 Taciti
882 3422 981 3486 locam,
996 3421 1042 3491 qui
1052 3419 1178 3475 hactenus
1189 3422 1282 3475 vitioso
1293 3422 1396 3493 legitur,

240 3504 375 3575 integritati
382 3508 527 3561 restituam.
547 3506 581 3561 Ut
590 3508 670 3578 igitar
678 3508 804 3579 Kepleras
816 3507 930 3561 affirmet
938 3508 1004 3559 inter
1013 3506 1145 3560 Tiberium
1153 3512 1180 3560 st
1186 3505 1316 3561 Neronem
1324 3508 1398 3561 nulla

241 3604 297 3644 aaa
316 3608 376 3645 esee
398 3590 573 3645 subtrahenda
594 3594 679 3663 paria,
700 3594 784 3647 Taciti
805 3594 873 3647 inter
895 3594 948 3646 alia
969 3591 1148 3647 testimoniam
1169 3590 1252 3645 affert
1296 3591 1346 3657 Qui
1366 3594 1395 3649 in

242 3676 370 3745 Agricolae
392 3678 477 3731 euceri
498 3678 553 3732 nita
574 3678 664 3733 scribit
686 3679 828 3732 decessisse
850 3679 925 3732 illurn
948 3677 1057 3747 Collega
1078 3684 1105 3731 st
1125 3678 1215 3733 Prisco
1237 3694 1304 3732 coss.
1326 3696 1396 3733 anuo

242 3762 324 3815 sehfis
347 3780 415 3827 nen,
442 3767 534 3816 natam
556 3780 617 3817 uero
644 3763 705 3817 (laio
728 3782 767 3819 111.
793 3780 845 3817 cos.
886 3764 927 3817 lix
947 3780 998 3834 que
1019 3764 1057 3817 ita
1079 3764 1189 3834 colligit:
1214 3764 1320 3819 bertinus
1341 3764 1397 3819 Gaii

243 3849 395 3901 consumtum
416 3864 485 3901 auno
506 3848 680 3919 Dionysienns
700 3864 776 3903 aerae
796 3866 840 3903 nn.
856 3849 1024 3902 tribuendam
1043 3850 1136 3915 rideri,
1153 3866 1221 3913 non,
1240 3856 1271 3903 nt
1289 3850 1397 3920 qnidam

242 3933 394 3999 opinabatur,
406 3950 471 3987 run.
489 3934 584 3988 Verum
594 3950 652 3987 caus
662 3934 718 3987 Caii
726 3935 876 3989 consulatus
885 3953 925 3989 111.
937 3941 1073 3988 concurrat
1084 3952 1142 3988 cam
1152 3934 1248 3989 suu.
1257 3950 1396 4001 auorum,
1421 3965 1442 4005 a.
1450 3952 1481 3996 ta

242 4013 352 4087 eousgm
363 4024 452 4071 satem
464 4034 495 4071 ac
505 4019 586 4073 Prisci
598 4036 657 4073 cam
674 4034 743 4073 anno
755 4034 911 4085 occurren,
930 4021 975 4091 qai
991 4036 1060 4073 enno
1073 4035 1205 4076 nacrcrn.
1216 4022 1252 4073 sit
1261 4027 1355 4085 natas,
1371 4022 1395 4074 is

242 4116 298 4155 anno
311 4118 455 4157 acconam.
472 4122 525 4157 nou
541 4106 601 4175 plus
615 4120 694 4175 qaam
707 4104 761 4158 nivi
771 4120 853 4159 annos
868 4110 947 4159 nanus
959 4122 1017 4158 sese
1028 4106 1120 4175 potuit.
1144 4104 1229 4169 Quare
1240 4106 1310 4177 apud
1321 4106 1395 4159 usai·

242 4192 287 4241 turn
302 4189 382 4243 miror
399 4189 614 4243 animadvertisse
630 4190 762 4243 neminem
779 4206 825 4261 pro
843 4206 896 4245 ner.
915 4190 1056 4260 legandum
1072 4206 1130 4245 osse
1144 4208 1198 4249 nse.
1230 4191 1393 4245 lucillinam

243 4272 425 4327 unaminiter
437 4279 559 4328 neuram
571 4274 717 4329 inversione
728 4275 820 4329 sitiam
832 4276 971 4331 alibrariis
983 4274 1094 4331 admitti.

257 4474 370 4539 cumas
389 4476 482 4532 cose.
493 4476 608 4533 veruo
627 4478 760 4534 annisu
780 4480 924 4535 uorsus
942 4440 1163 4535 sssmusrun
1197 4480 1256 4535 aar
1271 4478 1316 4534 nc
1332 4478 1378 4535 nn

406 4562 546 4619 nissam
563 4564 796 4620 conascmoun
814 4564 992 4621 cananeus
1008 4564 1217 4621 arsenarum

298 4699 433 4757 mamm
443 4702 562 4773 Augusto
571 4720 629 4759 xm.
641 4708 669 4757 et
679 4703 786 4757 Silvam
797 4718 864 4758 coss.
876 4707 967 4757 natam
979 4718 1038 4757 esso
1049 4708 1198 4757 comisator
1208 4702 1324 4757 affirmat
1334 4702 1394 4775 Epi·

245 4782 349 4851 tlanias.
371 4786 425 4842 Sed
437 4802 497 4842 cam
507 4788 577 4843 idem
587 4806 622 4844 rr.
634 4788 690 4843 ilid.
702 4786 757 4844 lan.
770 4790 883 4845 astuosa
895 4788 965 4842 usn
980 4804 1039 4843 sees
1055 4788 1173 4853 detinht,
1187 4788 1244 4843 iare
1254 4789 1394 4843 maniam

246 4866 629 4947 armamentorum
636 4876 740 4931 illorum
746 4890 855 4947 gregem
863 4874 1059 4946 adiungendam
1066 4874 1395 4947 mopsuosssptphminn
