3650 5642
439 608 557 666 timi

438 765 503 819 (lum
511 764 723 819 euimAuatolius
731 764 874 835 scripserit:
888 764 927 817 to
936 764 977 817 rai
985 762 1074 825 τιιιιι
1084 764 1154 835 αὐτῷ
1163 762 1349 834 ιιιιμιιιιςιιι
1356 766 1457 834 πρῶται
1468 767 1540 834 μῆνα,
1548 764 1582 816 asi

437 848 479 916 riu
489 847 744 921 τεισιριςιιιιδικάιηι
756 854 800 902 τοῦ
812 848 899 921 πάσχι
911 848 965 902 κατ’
975 848 1049 916 abiba
1060 847 1230 919 λαμβάνοντας
1240 848 1271 901 ob
1283 851 1388 919 μικρῶς,
1400 848 1456 902 ete'
1465 848 1500 910 ὡς
1510 847 1582 918 itaqu
1605 855 1609 865 '

438 933 579 1005 iqsaprtrcu
591 934 676 1005 papia.
711 936 766 989 Hoc
779 940 831 988 est:
850 934 910 987 bum
915 944 1056 1005 pomerias
1064 940 1155 988 aeneia
1164 937 1323 1005 onnam
1333 936 1438 989 sodiocr‘
1447 942 1583 1004 sepum

434 1023 548 1090 prosius
557 1022 637 1090 τμῆνι
644 1022 713 1073 istud
722 1018 856 1090 ἰσημερινὸν
866 1023 1009 1085 succedat,
1021 1020 1177 1074 ocbcraeatcr
1185 1020 1343 1073 boihcioori
1350 1038 1454 1073 aecem
1461 1026 1585 1089 eumque*

433 1109 543 1174 priorum
554 1122 659 1157 mensem
676 1114 701 1157 et
711 1123 764 1160 ιιι.
770 1105 909 1175 poacbutia
920 1109 947 1157 ιἰι
957 1107 1002 1159 illo
1012 1110 1096 1175 utiquc
1103 1114 1230 1175 poetrem
1237 1115 1360 1174 scqmeulo
1368 1107 1505 1159 conmorit
1527 1103 1585 1157 liam

437 1204 483 1259 pro
495 1186 549 1241 κατ’
561 1187 645 1258 αὐτὴν,
657 1188 712 1241 aar’
724 1188 785 1241 uiri
797 1190 937 1261 legendum
948 1208 1018 1256 ease,
1034 1208 1124 1256 nemo,
1139 1196 1170 1243 ut
1181 1191 1280 1261 opinor,
1290 1191 1439 1261 negaverit,
1454 1208 1515 1245 cum
1524 1190 1586 1252 tace,

438 1274 556 1344 inquam,
567 1274 645 1329 huius
656 1276 706 1329 loci
717 1277 846 1329 sententia
857 1276 899 1331 sit.
928 1275 1049 1330 Ruiiiuua
1060 1277 1099 1329 ita
1109 1276 1195 1329 vertit:
1211 1276 1247 1329 Er
1257 1278 1315 1329 idco
1325 1294 1375 1329 aon
1381 1294 1480 1345 parata
1491 1280 1586 1328 uum

439 1361 579 1429 delinquere
596 1378 650 1425 eos,
667 1365 710 1430 qui
726 1370 785 1413 unte
800 1364 899 1415 initium
914 1361 962 1414 boc
979 1366 1038 1414 aeos'
1054 1366 1118 1414 unsri
1126 1361 1231 1431 porciu
1241 1370 1401 1431 patentem
1412 1362 1586 1415 celebranda.

439 1442 488 1497 Ubi
498 1443 560 1498 haec
570 1446 649 1499 rerba
661 1446 701 1499 aui
712 1446 755 1513 τὴν
767 1463 903 1516 necepses.
912 1450 957 1498 τοι
966 1444 1064 1517 triceps,
1077 1462 1107 1499 ac
1118 1464 1171 1500 ιιι.
1180 1444 1311 1518 paschalia
1321 1447 1485 1500 mentionem
1494 1461 1587 1499 omnem

439 1526 641 1599 flagitiosissime
661 1532 774 1585 sustulit
808 1531 888 1601 Atqui
904 1533 1043 1601 expunctis
1059 1533 1150 1602 paucis
1167 1532 1220 1584 illis
1236 1532 1336 1585 rotulis
1355 1531 1428 1585 frisa
1444 1536 1472 1583 et
1487 1529 1588 1585 absmda

438 1616 578 1679 sententia,
593 1632 624 1669 ao
640 1634 693 1670 uon
709 1616 787 1670 modo
800 1617 913 1671 Anatolii
925 1616 1039 1682 decreto,
1055 1617 1101 1670 aed
1113 1624 1139 1669 et
1149 1616 1277 1670 catholico
1289 1616 1408 1687 dogmati
1419 1618 1546 1670 contram
1554 1632 1587 1667 ae·

439 1700 532 1769 quitur,
547 1702 668 1755 nimirum
684 1700 780 1771 pascha
797 1702 824 1754 iu
841 1702 911 1755 cirili
927 1702 1085 1771 aequinoctii
1100 1702 1142 1754 die
1154 1707 1234 1771 atque
1244 1702 1338 1772 inipso
1349 1703 1465 1756 termino
1476 1700 1587 1755 celebrari

438 1800 522 1853 posse.
547 1785 613 1849 Quid
625 1790 665 1839 est
674 1787 737 1839 luna
748 1804 800 1839 xrs.
812 1785 958 1857 paschalia?
981 1786 1020 1839 lta
1029 1787 1166 1852 nimirum,
1181 1802 1249 1856 quae
1262 1794 1310 1839 aut
1318 1788 1347 1839 in
1357 1788 1521 1857 aequinoctii
1529 1787 1587 1838 diem

438 1869 524 1939 ipsum
535 1870 634 1935 incidit,
651 1876 696 1924 aut
707 1871 825 1941 proximo
836 1877 897 1943 post
907 1873 1003 1942 ipsum.
1037 1871 1112 1935 Quod
1123 1872 1193 1925 euim
1203 1878 1264 1941 post
1274 1873 1485 1941 aequinoctium,
1501 1888 1550 1924 nou
1562 1872 1585 1921 iu

436 1954 493 2024 ipso
502 1956 663 2023 aequinoctio
679 1956 855 2026 peragendum
869 1974 927 2011 ease
939 1956 1037 2027 pascha
1050 1957 1281 2026 putetAuatolius,
1297 1963 1385 2027 aperte
1394 1958 1491 2011 eodem
1500 1957 1584 2009 iuioco

438 2039 579 2108 profitetur,
595 2056 653 2094 cum
670 2039 718 2095 hoc
730 2042 828 2112 ipsum,
845 2044 913 2113 quod
929 2042 961 2095 de
975 2041 1107 2113 paschatis
1123 2042 1304 2096 observatione
1320 2042 1474 2112 scripserat,
1489 2042 1588 2095 Iudaeos

439 2128 510 2175 tauto
527 2130 586 2178 aute
601 2128 786 2196 pronunciasse
804 2127 876 2192 dicit;
891 2128 1021 2181 videlicet:
1042 2128 1092 2179 tcto
1108 2126 1140 2178 ris
1155 2127 1299 2196 διαβατήρια
1316 2127 1378 2179 θύειν
1392 2126 1481 2194 ἐπίσης
1492 2126 1587 2184 iram

439 2206 500 2275 μετὰ
511 2206 633 2281 ῐιημιριαν
645 2209 747 2282 inprobe,
760 2217 890 2283 μισοῦντος
903 2217 947 2265 τοῦ
959 2212 1059 2282 πρώτου
1071 2213 1155 2283 μηνός.
1189 2212 1274 2283 Igitur
1284 2219 1344 2283 post
1355 2211 1496 2284 ἰσημερίαν,
1507 2229 1554 2265 ιιι
1564 2212 1588 2261 iu

438 2288 550 2365 ἰιημιρίᾳ
559 2296 654 2366 paseha
670 2304 724 2352 tam
735 2298 836 2351 Iudaeis
851 2313 931 2367 quam
942 2297 1094 2351 Christianis
1109 2297 1232 2363 incurrit;
1249 2297 1319 2367 quod
1336 2303 1362 2350 et
1379 2298 1493 2351 subinde
1507 2311 1586 2351 rursus

439 2377 546 2446 incunt,
564 2380 606 2449 τὴν
623 2386 665 2436 τοῦ
682 2381 767 2454 πάσχι
783 2384 823 2435 aui
840 2386 889 2435 τῶν
906 2381 1007 2453 diripui
1018 2380 1104 2453 iope-bv
1115 2384 1166 2434 διῑν
1177 2380 1275 2443 πάντως
1287 2380 1340 2452 psr’
1352 2380 1480 2454 ἰσημερίαι
1490 2380 1586 2452 huius

439 2462 518 2535 Atqui
529 2467 571 2535 τὴν
583 2466 705 2539 ἰσημερίαι
717 2468 852 2523 Anatoliua
863 2466 1026 2522 Phameuotln
1037 2486 1117 2534 usu,
1131 2468 1187 2521 sire
1198 2486 1235 2522 ιι.
1244 2467 1302 2521 Kal.
1311 2469 1373 2537 Apr.
1386 2470 1533 2530 contituit,
1545 2466 1587 2519 rbi·

441 2556 549 2625 demque
560 2554 636 2623 primi
647 2556 744 2607 mensis
755 2554 899 2607 exordium.
932 2552 1019 2623 Negat
1028 2554 1108 2623 igitur
1119 2553 1164 2606 iilo
1175 2553 1234 2622 ipso
1245 2553 1287 2606 die
1297 2552 1397 2624 pascha
1406 2555 1456 2607 rite
1467 2551 1587 2607 celebrari.

440 2642 474 2693 At
480 2656 541 2693 reto
553 2656 586 2693 ex
595 2630 686 2693 Latius
694 2638 792 2693 ituifiui
800 2640 919 2692 versione
931 2639 1055 2691 celebrari
1064 2643 1159 2708 potest.
1177 2637 1308 2708 Scriptum
1319 2644 1360 2691 est
1370 2640 1454 2692 enim:
1466 2640 1588 2691 Aberrare

440 2726 593 2777 uehementer
604 2742 644 2776 eos
655 2728 698 2792 qui
708 2732 767 2775 unte
778 2724 825 2776 boc
837 2728 936 2777 initium
948 2727 1031 2793 primi
1046 2727 1137 2775 menne
1149 2723 1254 2793 puccbo
1270 2725 1406 2777 celebrant.
1441 2724 1526 2789 Quare
1538 2724 1586 2792 ipen

440 2810 536 2863 mensis
547 2809 620 2862 initio
631 2808 702 2871 licet,
714 2808 763 2861 hoc
776 2814 862 2862 autom
873 2816 915 2862 est
924 2827 978 2863 ιιι.
988 2809 1052 2862 luna
1063 2824 1097 2860 er
1108 2809 1236 2879 superiori
1245 2808 1408 2874 definitione,
1419 2824 1501 2879 quam
1507 2807 1588 2861 Nisae

440 2912 503 2948 uum
510 2893 650 2947 concilium
662 2898 689 2946 ιι
699 2892 826 2947 catholica
837 2894 922 2947 omnis
933 2894 1044 2946 ecclesia
1054 2893 1139 2947 scirit.
1156 2893 1234 2947 Tanti
1242 2894 1365 2947 nimirum
1373 2899 1414 2947 est
1422 2910 1484 2947 cum
1491 2892 1587 2947 ιιιιιιίι

440 2980 467 3033 iu
476 2980 551 3033 rebus
561 2984 587 3031 et
596 2977 700 3043 officiis,
711 2983 767 3031 tum
776 2979 803 3031 iu
812 2979 980 3049 scriptoribus
988 2977 1187 3049 interpretandis
1196 2984 1328 3048 praestare
1335 2978 1428 3044 fidem;
1441 2979 1511 3050 quod
1519 2992 1587 3047 saepe

440 3065 564 3135 interpres
576 3064 624 3117 ists
635 3064 760 3133 neglexit.
782 3062 891 3121 Proinde
902 3065 945 3118 uel
955 3080 987 3117 eo
998 3064 1104 3117 nomine
1114 3065 1228 3134 pessime
1240 3064 1272 3117 de
1283 3064 1404 3117 Anatolio
1416 3064 1501 3135 deque
1511 3062 1588 3117 ostio

439 3151 489 3203 lico
502 3150 623 3220 dogmate
633 3156 710 3219 atque
719 3150 790 3203 omni
798 3150 939 3221 posteriato
950 3150 1057 3214 meruit,
1068 3149 1131 3203 dum
1140 3150 1335 3203 sanctissimum
1343 3149 1587 3218 eruditissimumque

440 3242 538 3308 patrem
547 3235 724 3289 absurdissimi
732 3236 859 3290 lautorum
869 3236 999 3305 dogmatis
1008 3242 1086 3306 atqrw
1095 3234 1232 3289 haeresem
1241 3239 1359 3288 autorem
1366 3236 1510 3289 coustituit.
1523 3231 1588 3298 Quod

440 3340 473 3376 ue
484 3323 542 3393 quis
555 3338 623 3376 ame
634 3321 780 3375 racundiae
793 3338 872 3392 quem
880 3323 966 3375 rarius
977 3321 1103 3375 affirmari
1114 3325 1200 3391 putet,
1212 3321 1332 3374 consulat
1342 3336 1409 3391 quae
1420 3320 1452 3374 de
1460 3320 1588 3375 Scotorum

440 3414 466 3461 et
477 3408 727 3478 Τισιιρεςδιιιιιτιιῶν
738 3407 947 3460 altercationibus
959 3422 976 3458 a
986 3405 1059 3459 Beda
1068 3407 1097 3459 iu
1107 3404 1176 3461 13ch
1186 3405 1252 3460 utar.
1264 3412 1410 3460 narrantur.
1444 3405 1488 3459 Ex
1503 3404 1587 3475 quibus

375 3553 378 3561 ,
439 3493 575 3561 intelliget,
586 3493 631 3561 qui
641 3490 701 3545 huic
713 3493 791 3545 errori
802 3492 1025 3561 patrocinarentur
1035 3492 1114 3543 unius
1122 3491 1288 3560 potissimum
1296 3492 1433 3545 autoritate
1439 3491 1521 3545 ustos
1528 3491 1587 3541 Aua·

440 3576 497 3628 tulii
507 3575 651 3629 Christiano
663 3577 779 3645 dogmati
790 3576 924 3629 restitisse.
955 3574 1039 3638 Quam
1051 3575 1155 3645 quidem
1166 3578 1333 3630 autoritatem
1342 3594 1396 3630 uou
1407 3592 1442 3630 ex
1452 3576 1518 3648 ipsis
1527 3576 1587 3627 Aur·

440 3660 496 3713 tulii
506 3660 634 3723 tontibus,
646 3661 691 3713 sed
703 3677 736 3713 ex
746 3660 845 3713 lacunis
858 3660 1023 3713 Ruitiniauae
1033 3661 1253 3731 interpretationis
1264 3661 1413 3715 hauserant

506 3744 648 3797 Luculeuta
658 3760 720 3797 saue
732 3744 763 3796 de
774 3744 897 3814 paschate
913 3748 1088 3800 controversia
1101 3747 1147 3799 ills
1162 3748 1224 3813 init,
1241 3764 1321 3818 quam
1336 3748 1437 3817 ingenti
1450 3748 1586 3801 animorum

440 3830 603 3890 contentione
614 3830 690 3882 toties
703 3829 828 3899 agitatam
840 3830 910 3901 apud
918 3831 1017 3900 Angloa
1029 3831 1160 3885 acSootos
1173 3838 1249 3886 autor
1259 3837 1301 3887 est
1309 3832 1390 3888 Beda.
1408 3832 1461 3886 Sed
1470 3829 1586 3903 imprimis

439 3914 484 3969 lib.
495 3932 534 3968 m.
546 3930 601 3985 cup.
614 3932 674 3969 xxv.
685 3914 848 3969 nobilissima
858 3914 996 3985 Wilphridi
1011 3918 1157 3987 presbyteri
1171 3916 1291 3971 catholici
1306 3924 1333 3971 ct
1348 3916 1467 3971 Golmani
1482 3912 1586 3988 episcopi

440 4000 510 4055 Secti
522 4014 609 4052 coram
620 4016 680 4069 rege
692 4000 780 4054 habita
791 4000 894 4055 collatio
906 4000 1067 4056 describitur.
1089 4002 1119 4056 In
1131 4018 1184 4073 qua
1198 4018 1259 4056 cum
1274 4002 1324 4056 hoc
1340 4001 1425 4056 Sectis
1436 4000 1585 4074 Wilphridus

440 4084 573 4149 obiiceret,
589 4085 659 4155 quod
676 4092 764 4139 contra
779 4085 923 4139 Nicaeuum
935 4084 1068 4140 Oauouem
1083 4094 1111 4140 et
1120 4088 1254 4142 Romanae
1269 4089 1394 4143 ecclcsiae
1410 4088 1537 4143 decretum
1546 4100 1584 4156 p·-

440 4170 502 4227 sohn
517 4186 533 4223 ι
549 4170 613 4223 luna
629 4187 682 4225 ιιι.
695 4170 726 4223 od
743 4189 787 4225 xx.
805 4172 977 4235 celebrarent,
993 4169 1134 4225 colmanus
1149 4173 1188 4225 ita
1204 4172 1308 4227 demum
1322 4174 1445 4227 occurrit:
1474 4169 1585 4241 Naoqsa'd

440 4256 576 4311 Anatoliua
591 4258 632 4307 uir
648 4266 750 4307 sanctus
766 4266 790 4308 ct
805 4260 831 4308 ιἰι
843 4259 971 4327 praesuta
986 4255 1285 4310 remunerantem
1301 4260 1402 4310 multura
1413 4260 1533 4311 laudatas
1542 4256 1585 4321 109⁸·

439 4345 480 4396 ocl
490 4342 619 4411 coouqcla'o
631 4344 763 4393 contrario
774 4344 872 4411 sapuit,
888 4345 932 4410 qui
945 4360 962 4393 o
974 4360 1028 4396 ιιι.
1040 4360 1116 4411 usquc
1127 4344 1165 4395 ud
1174 4360 1218 4398 xx.
1227 4343 1331 4412 parebo
1343 4344 1519 4396 celebrandam
1528 4344 1584 4392 acri-

435 4432 506 4498 paics
534 4426 584 4480 Sed
596 4431 622 4479 ιι
633 4430 709 4479 autea
721 4440 775 4497 cap.
781 4442 820 4481 ru.
833 4426 949 4481 eiusdem
958 4426 1019 4480 libri
1029 4426 1062 4479 de
1072 4427 1174 4480 Aiduuo
1186 4428 1307 4499 episcopo
1319 4429 1353 4481 ab
1364 4427 1483 4481 Oaualio
1493 4442 1552 4497 rega
1560 4424 1585 4476 iu

438 4514 562 4583 Angliam
577 4529 592 4566 c
607 4511 697 4565 Scotia
709 4514 832 4566 mcesaito
849 4513 978 4576 scribens,
995 4513 1034 4565 ait
1046 4512 1120 4565 ilium
1134 4512 1236 4581 parebo
1251 4532 1319 4566 more
1334 4531 1396 4566 aaoc
1410 4518 1493 4582 peaes
1506 4534 1523 4566 o
1537 4526 1582 4565 nv-

440 4600 501 4651 lunu
513 4601 550 4651 od
559 4616 603 4653 xx.
616 4598 766 4660 celebrasse,
778 4602 845 4668 quod
854 4602 921 4653 idem
928 4596 1058 4650 Scotorum
1066 4616 1100 4651 uo
1108 4597 1238 4651 Pictorum
1249 4604 1436 4670 tabefaceret,
1449 4604 1583 4653 ιιιίιιιιιιι

439 4698 466 4735 rc
477 4685 504 4732 ia
516 4682 566 4735 iac
577 4684 738 4735 obseruantia
747 4688 832 4736 eoacti
840 4702 872 4737 uc
881 4686 958 4737 luade
966 4685 1131 4753 diquipotria
1139 4684 1257 4736 Anatolii
1264 4690 1364 4756 sca-opta
1372 4694 1489 4739 aarum.
1506 4681 1581 4743 ures

440 4766 538 4837 opinor,
550 4766 728 4822 schismaticos
739 4768 797 4823 illos
810 4785 899 4823 omues
911 4769 1078 4839 praecipuum
1085 4769 1245 4839 pervicaciae
1256 4770 1436 4840 opinionisque
1444 4786 1508 4823 suae
1517 4780 1582 4839 pree

440 4849 533 4907 sidium
543 4851 572 4905 in
582 4850 696 4909 Anatolii
706 4854 843 4909 autoritate
854 4856 985 4925 posuisse,
996 4870 1050 4909 nou
1060 4854 1106 4908 illa
1117 4855 1233 4925 quidem,
1244 4861 1275 4908 ut
1284 4856 1351 4921 dixi,
1363 4872 1397 4909 ex
1408 4855 1478 4909 illius
1488 4850 1581 4925 seriptis
