3650 5642
1313 641 1382 698 XXI

228 801 292 849 aster
305 799 346 848 ast
360 793 423 850 libri
441 795 473 850 ds
488 794 564 850 Locis
579 794 658 851 Hebr.
674 809 752 865 quem
766 792 859 848 Latine
873 794 952 848 vcrdt
966 795 1070 849 Hieron.
1102 794 1142 850 lbi
1162 795 1233 850 enim
1249 796 1282 850 ad
1297 797 1379 852 Hieri-

228 881 337 934 chuntem
352 882 480 947 collocat,
501 887 527 934 st
544 881 723 934 Samaritanus
738 879 868 935 mendacii
884 881 984 950 arguit,
1005 882 1050 951 qui
1066 881 1171 935 eosdem
1182 899 1262 954 prope
1274 882 1379 938 Siohem

227 968 273 1020 sio
282 967 431 1023 &mariam
441 967 639 1021 constituebant
661 967 695 1020 At
705 965 831 1036 Iosephus
841 966 886 1019 lib.
898 983 934 1020 ον.
947 981 1004 1036 cap.
1017 983 1073 1022 vrrs.
1091 967 1311 1022 Samaritanorum
1324 971 1378 1040 opi-

227 1053 288 1106 nioni
294 1054 467 1125 suffragatur:
479 1069 527 1106 nec
535 1070 590 1106 non
601 1057 627 1105 et
636 1053 681 1106 iih.
694 1069 730 1105 ιι.
740 1067 761 1104 ο.
769 1069 833 1115 vnn,
845 1051 891 1104 nbi
902 1052 934 1104 de
946 1051 1051 1121 templo,
1063 1052 1278 1122 quodAlexandri
1286 1055 1378 1124 Magni
1409 1087 1410 1090 =

227 1145 329 1209 tenpore
345 1157 363 1194 a
380 1139 553 1194 Samaritanis
569 1139 596 1191 in
608 1137 712 1192 Garhin
728 1142 875 1190 caunetum
892 1143 944 1201 est,
961 1136 1095 1191 historiam
1111 1139 1236 1208 explicat:
1253 1151 1332 1209 quam
1348 1145 1377 1194 tu

226 1227 326 1282 wmnie.
355 1226 411 1280 Sed
424 1224 542 1279 omnium
554 1223 748 1278 accuratissima
759 1223 791 1275 de
803 1223 917 1276 Gerizim
929 1227 954 1274 et
965 1223 1070 1276 Hebalis
1081 1223 1134 1276 situ
1146 1223 1249 1278 disserit
1259 1226 1377 1280 eruditis-

226 1311 295 1364 sinns
304 1313 407 1367 Masius
420 1311 454 1364 ad
466 1327 522 1382 cap.
533 1327 590 1363 vrrs.
612 1310 703 1374 losue,
716 1315 743 1362 et
754 1308 877 1362 adversus
887 1309 1058 1362 Mercatorem
1074 1309 1206 1364 Samariae
1217 1312 1376 1382 propinquos

225 1397 280 1450 'utos
290 1414 347 1452 esse
358 1398 442 1451 colles
453 1397 571 1468 pluribus
583 1395 742 1465 argumentis
754 1394 875 1449 affirmat.

281 1482 326 1536 h'o.
337 1501 375 1539 π.
393 1481 457 1535 Ἀπί
469 1479 518 1552 γὰρ
529 1481 618 1533 τούτου
630 1484 674 1532 τοῦ
686 1476 797 1552 ἄρθρου]
818 1480 918 1550 Arguta
929 1479 993 1533 haec
1005 1479 1149 1535 obseruatio
1163 1480 1255 1536 Graeci
1266 1483 1376 1549 articuli,

225 1569 262 1636 qni
275 1569 306 1620 ad
321 1573 413 1640 νεκροῦ
429 1569 585 1622 uocabulum
602 1567 736 1638 appositus
753 1570 805 1631 est,
821 1566 876 1618 vim
893 1563 972 1619 habet
989 1567 1094 1622 omnino
1111 1568 1224 1634 nullem3
1245 1574 1275 1622 ut
1290 1586 1375 1640 neque

224 1653 272 1706 loca
282 1661 388 1730 matera
399 1671 466 1726 quae
475 1653 623 1714 illustrandi
633 1653 719 1722 gratia
729 1651 853 1721 congerit

279 1739 326 1795 No.
338 1759 365 1797 v.
385 1740 526 1811 Ποροδόσεο
537 1743 568 1810 τῇ
580 1737 750 1809 προοχθοίσῃ]
768 1737 833 1807 Eeg.
845 1735 1021 1806 προσαχθείσῃ.

561 1962 607 2016 AD
624 1958 829 2016 ESSENORUM
844 1957 1020 2014 nauussm.

279 2083 345 2146 Quid
360 2084 392 2138 in
403 2088 518 2137 mentem
528 2081 672 2154 Epiphanio
684 2081 796 2145 venerit,
810 2084 842 2134 ut
851 2079 964 2133 Essenos
977 2079 1148 2133 Samaritanis
1161 2088 1318 2155 arcesseret,
1337 2083 1373 2136 di-

225 2169 299 2221 vinare
314 2187 369 2223 non
385 2186 504 2240 possmn.
536 2167 604 2222 Nam
621 2167 691 2239 qnod
706 2181 838 2222 occurrere
854 2171 952 2236 potest,
970 2181 1053 2235 genus
1069 2165 1198 2236 quoddam
1215 2167 1373 2222 Essenorum

224 2253 291 2306 mee
306 2271 323 2307 a
337 2255 411 2308 notis
426 2255 479 2308 illis
495 2260 522 2307 et
532 2254 704 2308 sanctioribus
716 2253 860 2315 divorsum,
875 2252 1012 2322 probarem
1024 2251 1157 2321 equidem,
1174 2252 1196 2304 si
1208 2253 1277 2322 apud
1288 2253 1373 2306 Philo-

225 2357 274 2392 nem
287 2345 332 2392 ant
343 2338 498 2410 losephum‚
515 2340 561 2410 qui
577 2339 609 2392 de
619 2339 777 2393 Essenormn
794 2337 947 2408 generibus,
962 2337 1087 2390 institutis
1099 2353 1129 2390 ac
1141 2339 1257 2390 moribus
1269 2355 1372 2392 accura-

225 2425 308 2478 tissime
324 2427 499 2496 scripserunt,
515 2426 655 2495 vestgium
671 2423 776 2495 aliquod
792 2439 920 2477 novorum
931 2424 1040 2477 istorum
1051 2439 1082 2475 ao
1093 2424 1267 2493 posteriorum
1278 2426 1372 2478 existe·

225 2517 262 2564 ret.
287 2511 362 2565 Nunc
374 2527 436 2564 cnm
446 2525 532 2581 nequa
542 2511 586 2563 isti
601 2527 650 2564 nso
666 2511 732 2563 alius
749 2509 888 2580 qnisquam
898 2509 941 2562 rel
950 2509 1082 2562 levissime
1094 2509 1247 2580 significarit
1257 2509 1370 2564 Essenos

225 2597 454 2650 cunSarnaritanis
470 2612 608 2650 commune
625 2595 757 2667 quippiam
774 2594 909 2660 habuisse,
925 2611 1035 2666 cumque
1046 2595 1112 2650 inter
1122 2595 1275 2650 Iudaeorum
1287 2601 1370 2650 sectas

225 2681 346 2753 aloscpho
364 2687 552 2736 recenseantur
564 2680 671 2746 Essem,
688 2687 796 2752 apparet
809 2682 924 2752 primum
940 2697 1023 2752 neque
1035 2681 1192 2736 Essenorum
1208 2683 1288 2735 ullam
1304 2682 1371 2737 iuter

225 2766 391 2822 Semntanos
414 2767 495 2820 inisse
515 2773 627 2831 sectam,
646 2783 732 2836 neque
748 2766 922 2838 Epiphaniam
940 2767 1010 2822 aliud
1024 2767 1182 2822 Essenorum
1198 2784 1293 2838 genus,
1311 2785 1371 2822 cnm

225 2851 382 2907 Sanantanis
394 2853 559 2919 adscriberet,
570 2853 739 2918 intellexisse,
751 2869 829 2923 quam
841 2854 1036 2908 celeberrimum
1048 2869 1079 2908 ac
1090 2854 1298 2908 laudatissimum
1306 2853 1370 2908 illud

225 2954 320 3005 quornm
335 2939 461 2993 instituta
475 2937 550 2993 Philo
561 2955 592 2992 ac
602 2937 728 3010 Iosephus
739 2939 866 2992 uberrinm
877 2941 1088 3011 perscripserunt.
1118 2939 1281 3010 Quamquam
1294 2940 1370 2994 Osse·
1395 2945 1456 2997 12²³·

226 3040 265 3076 nos
273 3030 362 3095 postea
371 3027 442 3079 inter
451 3025 571 3078 Iudaicas
586 3029 671 3078 sectas
683 3031 879 3090 commemorat,
892 3027 938 3096 qui
948 3027 1025 3080 iidem
1037 3043 1096 3080 cum
1107 3025 1213 3080 Esserfis
1224 3027 1350 3080 ridentur.

279 3108 345 3163 hirris
358 3111 466 3171 τούτους
481 3109 599 3181 Γορθηνολ
615 3109 785 3180 disputemus]
807 3110 942 3175 Quomodo
961 3111 1085 3166 Gortheni
1101 3111 1161 3183 προς
1178 3109 1301 3178 ἀλλήλους
1319 3113 1370 3166 dis·

225 3197 305 3249 entre
320 3201 481 3268 cooperunt?
497 3196 566 3250 Nam
581 3197 654 3250 nnita
669 3195 712 3250 hic
724 3195 914 3251 Gorthenomm
932 3197 1052 3262 divortia,
1069 3201 1152 3250 sectas
1168 3199 1253 3250 nullas
1266 3213 1369 3251 enume-

226 3286 266 3332 rat:
281 3287 306 3336 et
319 3280 464 3353 ίπεξήγησις
480 3283 527 3336 illa
543 3297 610 3352 quac
625 3282 774 3336 subiicitur:
793 3283 853 3352 φημί
865 3281 893 3335 δὲ
904 3283 979 3353 μέσον
991 3282 1129 3350 Σεβουσίων
1142 3282 1181 3334 sai
1191 3280 1316 3347 Ἐσσηνῶν
1329 3283 1368 3334 καί

226 3364 352 3436 immede,
370 3369 460 3438 arguit
475 3367 504 3421 a
522 3367 583 3440 πρὸς
601 3365 723 3434 ἀλλήλους
740 3385 794 3421 non
811 3368 844 3420 ad
860 3369 931 3422 soloe
949 3367 1107 3432 Gorthenos,
1129 3367 1222 3422 esdad
1239 3373 1291 3420 tres
1309 3365 1368 3429 θλας

226 3461 294 3505 testas
313 3455 454 3524 pertinere.
482 3455 562 3524 Atqui
584 3455 713 3523 tapetes
733 3452 794 3523 προς
811 3451 934 3520 ἀλλήλους
952 3453 1049 3508 Graece
1065 3469 1117 3507 nou
1134 3459 1174 3507 est
1190 3452 1250 3523 προς
1268 3447 1367 3514 ἄλλους.

226 3535 328 3592 Fortasse
342 3539 429 3610 igitur
445 3535 535 3600 ἄλλους
549 3557 597 3611 pro
614 3537 738 3605 ἀλλήλους
753 3539 970 3593 substituendum.
998 3539 1149 3593 Postulabat
1164 3537 1179 3606 ἡ
1196 3535 1328 3592 ἀκολουθία
1340 3545 1369 3594 ut

227 3637 262 3690 pro
273 3623 387 3695 Γορθηνοθ
399 3625 555 3678 scriberetur
567 3624 589 3677 οί
601 3623 696 3692 λοιποί,
708 3625 750 3678 uel
761 3631 846 3678 sectae
857 3631 908 3678 tres
920 3631 1121 3680 recenserentur.

278 3707 308 3761 ‘⁰
323 3709 401 3780 νόμος
419 3707 547 3778 ἐκέλευεν]
567 3711 664 3764 htirnrn
680 3711 804 3782 estquod
820 3711 869 3765 hoo
879 3712 937 3765 looo
950 3718 1050 3766 narrat:
1068 3711 1289 3766 Samaritanomm
1300 3713 1367 3766 inter

226 3809 248 3843 sc
260 3793 392 3849 θίοοίδίυπυ
407 3795 442 3849 ab
460 3795 519 3850 odio
536 3801 563 3849 ct
577 3796 670 3867 iurgiis
686 3813 819 3862 manasse,
840 3797 909 3867 quod
926 3799 1044 3851 sanatio
1062 3813 1121 3850 oum
1138 3797 1239 3850 Iudaeis
1257 3805 1366 3852 exercet

226 3875 279 3933 iau
293 3882 316 3934 si
331 3897 395 3935 cum
408 3882 634 3952 praetereuntibus
650 3883 752 3936 Iudaeis
768 3883 933 3949 rixabantur,
951 3899 1017 3954 qnae
1028 3899 1107 3936 causa
1118 3883 1167 3936 iuit
1178 3899 1223 3936 cur
1235 3899 1251 3936 a
1262 3901 1290 3938 se
1300 3885 1367 3938 invi·

227 3979 271 4017 tan
286 3966 469 4021 dissentirent?
494 3967 553 4020 Non
572 3968 598 4020 id
617 3969 729 4038 explicat
746 3967 919 4039 Epiphanius,
941 3975 967 4023 ot
988 3969 1058 4022 eliud
1080 3969 1136 4038 agit
1156 3969 1269 4025 omnino.
1307 3971 1366 4024 Ete·

227 4048 268 4102 tiu
282 4050 456 4122 συμπληγάδες
470 4053 537 4106 istac
552 4069 605 4107 non
622 4060 683 4108 sunt
700 4055 749 4105 τῶν
766 4053 925 4125 Σαμαρειτῶν
943 4054 1002 4125 προς
1015 4051 1151 4124 ἀλλήλους,
1175 4054 1220 4108 sed
1236 4055 1297 4126 προς
1309 4056 1365 4118 τοὺς

277 4217 356 4274 ’maa
366 4220 407 4274 aad
417 4219 459 4274 dra
470 4221 595 4294 ᾠκοδόμει
606 4220 733 4296 Ἔσδρας]
750 4225 808 4279 Duo
820 4224 862 4278 hic
871 4226 899 4279 in
910 4225 1055 4296 Epiphanio
1066 4224 1229 4296 reprehendit
1240 4225 1363 4296 Scaliger,

195 4308 196 4313 ’
228 4301 330 4373 hum,
352 4307 425 4379 qnod
444 4309 477 4361 ab
499 4307 582 4362 Esdra
596 4310 739 4364 instaurata
753 4311 934 4381 Hierosolyma
951 4311 1057 4376 dixerit,
1079 4327 1138 4365 cum
1155 4311 1288 4377 Neemias,
1310 4329 1363 4366 non

227 4385 315 4458 dedas,
325 4392 354 4447 id
364 4393 461 4463 egerit3
473 4394 595 4461 altarum,
611 4396 681 4466 quod
692 4395 869 4450 Samaritanos
881 4411 986 4468 operam
998 4413 1072 4450 suam
1084 4397 1117 4450 ad
1128 4413 1186 4452 eam
1198 4397 1363 4452 reiectionem

195 4522 196 4527 ,
229 4473 331 4532 terune
346 4479 457 4544 scribat,
474 4479 544 4550 quod
559 4487 648 4535 contra
659 4481 817 4553 Scriptnram
829 4499 887 4536 esso
899 4481 986 4536 credit.
1015 4482 1067 4536 Sed
1078 4483 1105 4536 iu
1117 4483 1197 4536 altero
1209 4481 1360 4554 κακοήθειαν,

229 4558 328 4618 heliam
337 4569 474 4637 stuporem
485 4581 562 4619 snum
573 4568 665 4637 arguit
693 4567 795 4621 Etenim
807 4575 987 4640 praeterquam
999 4567 1068 4640 quod
1079 4567 1173 4622 Esdras
1186 4583 1245 4621 oum
1256 4567 1363 4622 Neomia

229 4644 279 4700 v'uit
291 4655 316 4703 et
328 4651 388 4705 nrhi
404 4651 587 4705 instaurandae
598 4651 722 4723 praefuit,
737 4658 767 4706 ut
778 4670 812 4707 ox
823 4653 945 4707 Neomiae
956 4669 1013 4724 cap.
1027 4671 1086 4719 vrri,
1098 4653 1122 4707 2.
1140 4659 1166 4707 et
1176 4671 1228 4718 xri,
1244 4653 1285 4709 26.
1303 4671 1361 4726 pro·

230 4729 263 4782 {st
275 4733 414 4802 ὓοπιπίοο,
428 4736 493 4790 iliud
509 4735 632 4808 ᾠκοδόμει
647 4735 807 4809 Ἰερουσαλήμ
824 4739 932 4793 comiter
947 4739 1124 4810 accipiendum
1136 4743 1188 4804 est,
1204 4743 1235 4791 ut
1245 4738 1278 4792 ad
1289 4741 1361 4795 urbis

230 4825 310 4882 mem
322 4821 451 4892 aliquam,
465 4823 609 4877 cuiusmodi
619 4826 745 4895 templum
755 4830 824 4890 erat,
840 4826 976 4896 pertineat.
1004 4825 1070 4879 Illud
1080 4841 1140 4878 vsro
1153 4823 1362 4882 dementissimae

231 4905 340 4960 unitam
355 4913 410 4974 cst,
423 4921 522 4978 negare
533 4908 708 4964 Samaritanus
720 4910 804 4981 operis
815 4912 953 4984 participes
964 4927 993 4966 ee
1004 4927 1062 4966 cess
1072 4911 1139 4966 velle
1149 4925 1212 4982 prae
1223 4927 1251 4968 se
1263 4913 1360 4979 tulisse,
