3650 5642
1332 623 1386 677 cu

229 770 258 823 ab
268 769 365 841 epocha
375 772 533 825 neomeniae
544 772 700 829 recederent.
725 772 838 838 Quarum
849 774 955 845 quidem
970 775 1166 829 neomeniarum
1177 776 1348 847 αροίματωαιν
1359 781 1387 831 et

230 854 351 923 μιίβωιν
369 854 405 917 είς
424 854 455 909 τί
468 856 642 927 προηγούμενα
659 860 686 912 in
703 858 794 912 eodem
811 858 999 928 diagrammate
1015 866 1089 930 potes
1106 860 1207 915 intueri.
1241 860 1309 915 Nam
1325 868 1386 933 post

229 940 363 1010 quamlibet
375 942 669 997 maamadecaiteridcm
686 962 703 996 v
715 942 805 997 diebus
817 949 843 997 et
854 942 924 997 horis
935 943 952 997 8
963 946 1101 999 neomenia
1110 944 1192 999 Nisan
1202 946 1313 1016 primam
1324 964 1385 1017 epu·

230 1024 296 1078 clnm
306 1027 458 1081 antevertit.
481 1026 516 1080 Ut
527 1028 549 1079 ei
560 1028 644 1097 primo
656 1045 724 1082 anno
737 1030 802 1098 cycli
813 1030 951 1083 neomenia
962 1028 1043 1083 Nieau
1054 1030 1115 1100 Apr.
1125 1049 1160 1085 vr.
1174 1032 1310 1101 contigerit
1321 1031 1386 1085 hora

229 1110 308 1164 merid.
319 1112 427 1165 unctis
444 1130 489 1166 ιιι·
501 1113 575 1167 annis
592 1113 626 1167 ad
636 1112 694 1167 Kal.
703 1115 764 1185 Apr.
781 1114 948 1184 regredietur,
966 1122 993 1167 et
1007 1115 1036 1167 in
1046 1113 1138 1169 horam
1149 1122 1256 1187 rupert
1271 1117 1385 1171 mediam

229 1202 320 1249 noctem
330 1196 435 1251 incidet
445 1198 473 1251 in
482 1197 512 1251 Α.
521 1198 552 1252 1).
562 1197 619 1252 Kal.
626 1198 695 1269 Apr,
707 1204 785 1269 atque
796 1200 833 1253 ita
844 1199 966 1269 deinceps
977 1201 1115 1253 neomenia
1126 1200 1230 1254 ludrica
1242 1203 1275 1256 ab
1287 1202 1386 1273 epocha

229 1280 295 1350 primi
306 1282 407 1335 mensis
422 1287 450 1335 et
460 1284 538 1337 eolsri
549 1283 653 1353 longius
665 1284 799 1349 abscedam
816 1284 898 1339 donec
910 1286 1029 1339 volvente
1043 1286 1140 1339 maiore
1152 1287 1238 1355 cyclo,
1255 1304 1315 1341 cum
1330 1289 1386 1342 iam

230 1384 294 1421 ιιιιι
303 1366 399 1421 diebus
412 1374 544 1423 retroacta
552 1368 641 1435 inerit,
657 1370 851 1425 intercalatione
867 1370 939 1451 pleni
954 1371 1052 1425 mensis
1068 1370 1101 1423 ad
1112 1372 1247 1441 pristinam
1259 1372 1385 1443 epocham

229 1458 338 1505 crocata
349 1452 437 1507 biduo
449 1452 576 1507 duntaxat
586 1454 746 1525 anticipabit.

284 1536 391 1607 Epooba
408 1540 563 1595 neomeniae
579 1538 661 1593 Niean
678 1540 705 1593 ln
722 1541 795 1611 cyclo
812 1539 927 1595 Nicaeno
939 1558 995 1596 cru.
1007 1546 1048 1595 eat
1057 1540 1154 1611 Aprilis
1165 1560 1215 1605 ιι,
1231 1544 1306 1612 cyclo
1321 1560 1384 1597 vero

231 1630 328 1676 incest
337 1623 433 1677 Martii
445 1642 505 1689 ιιι,
521 1641 552 1677 eo
567 1624 636 1695 quud
649 1624 745 1679 Christi
756 1626 860 1679 saeculo
873 1627 946 1695 cyclo
958 1644 1017 1681 rrn.
1029 1627 1166 1681 neomenia
1181 1628 1210 1680 in
1225 1628 1300 1681 illum
1315 1629 1385 1683 diam

230 1706 376 1773 incurrebat,
390 1726 409 1763 a
423 1725 475 1779 qno
487 1710 537 1763 sub
547 1708 655 1763 Nicaenl
664 1710 773 1765 Concilii
783 1716 886 1781 tempus
898 1711 932 1765 ad
943 1728 978 1765 ιι.
990 1712 1099 1765 uaneiit
1122 1711 1175 1766 Sed
1184 1713 1213 1766 in
1223 1713 1328 1766 ludaico
1340 1731 1384 1783 cy·

232 1794 262 1845 clo
272 1794 353 1863 prima
364 1794 567 1848 tammadecait
579 1796 744 1849 neomeniam
755 1796 862 1849 exhibet
871 1796 899 1849 in
911 1813 972 1860 xm,
986 1796 1101 1851 eecnuds
1115 1797 1144 1851 in
1154 1785 1203 1861 xi,
1220 1803 1247 1851 et
1261 1799 1299 1851 ita
1312 1799 1384 1853 dein·

231 1893 279 1947 cepe
290 1894 373 1949 usque
386 1879 423 1932 ad
436 1896 484 1943 ιι,
501 1886 528 1933 et
542 1886 647 1951 propter
657 1880 813 1935 incidentem
824 1881 975 1935 bisextilem
985 1882 1054 1935 diam
1065 1881 1100 1934 ad
1110 1900 1166 1937 νιιι.
1177 1883 1256 1937 etiam
1266 1884 1381 1939 recurrit

232 1964 293 2015 luno
304 1964 414 2033 quidem
425 1964 528 2019 Iuliano
540 1982 628 2021 ιιινι.
641 1965 722 2020 Nicen
732 1966 821 2021 Martii
833 1984 869 2021 ιι.
881 1965 948 2020 teria
955 1985 991 2021 vr.
1003 1968 1186 2032 conveniebam
1199 1968 1269 2037 quod
1279 1968 1312 2021 ad
1322 1968 1383 2039 lipi-

233 2046 306 2115 planii
320 2050 482 2103 sententiam
499 2054 633 2121 totamque
648 2052 720 2105 illam
737 2051 768 2105 de
784 2052 914 2122 passionis
931 2068 1000 2105 anno
1014 2067 1046 2105 ac
1057 2052 1098 2105 die
1111 2053 1290 2122 quaestionem
1300 2054 1383 2124 expli·

234 2133 327 2185 endam
338 2135 561 2204 opportunissime
572 2136 672 2191 cecidit.
707 2135 775 2199 Quin
791 2142 817 2189 et
833 2138 944 2190 alterum
959 2138 1076 2191 laterculi
1086 2152 1116 2191 ac
1127 2137 1225 2191 Iudaici
1235 2138 1305 2192 illius
1317 2139 1383 2207 cycli

233 2216 328 2271 ίιιαιιιιι
339 2225 423 2289 atque
435 2234 513 2273 urum
524 2222 614 2292 paucis
626 2222 749 2291 aperiam.
766 2221 836 2275 Scito
846 2222 927 2291 igitur
935 2222 1095 2293 probabilem
1104 2238 1139 2275 ex
1147 2240 1178 2277 eo
1187 2239 1307 2276 causeam
1316 2224 1382 2289 elici,

235 2302 428 2359 curludaeorum
437 2303 520 2359 Nicen
532 2306 564 2359 ab
576 2304 677 2377 epocha
685 2307 776 2370 veteri,
788 2305 836 2360 hoc
846 2313 885 2359 eet
894 2308 1071 2377 aequinoctio,
1081 2308 1222 2378 itidemque
1230 2308 1382 2363 Latinorum

236 2387 315 2455 primus
331 2390 433 2443 mamis
451 2390 617 2445 clamaverit
651 2390 726 2455 Quod
743 2392 814 2445 enim
830 2391 978 2447 nullium
993 2393 1021 2447 iu
1038 2393 1195 2463 aequinoctii
1209 2393 1278 2445 diem
1294 2394 1382 2463 ipsum

236 2472 284 2525 olim
293 2474 424 2540 inciderit,
437 2474 709 2530 docentvetuetiselmi
717 2476 872 2531 Indaeorum
883 2478 1016 2547 magistri,
1026 2476 1322 2547 imprimie‘dgatbobuli
1330 2478 1380 2531 duo

237 2557 416 2615 cernebatur
425 2559 519 2614 borum
529 2560 684 2633 discipulae,
696 2563 742 2633 qni
753 2578 820 2617 unus
832 2578 846 2615 e
858 2580 911 2617 ιιι
922 2563 1068 2627 senioribus
1079 2562 1141 2627 init,
1152 2562 1222 2632 apud
1231 2563 1382 2617 Anatolium

237 2640 418 2713 inlragmentc,
435 2645 506 2715 quod
521 2644 617 2701 Euseb.
631 2648 693 2701 citat
704 2648 748 2703 lib.
758 2665 803 2703 ιιι
815 2647 880 2701 iiiut
892 2664 949 2718 cap.
959 2666 1042 2702 ιιιιι.
1066 2647 1195 2701 Arserunt
1205 2648 1275 2700 enim
1286 2645 1316 2699 ri
1328 2647 1380 2699 δια-

239 2724 321 2797 βαιίρια
332 2729 395 2783 dicre
408 2731 459 2783 triv
471 2728 524 2801 μετ’
537 2728 660 2801 ίσημιρίαν
671 2729 766 2802 ἐαρινὴν
779 2735 909 2802 μισοῦντος
922 2736 966 2785 τοῦ
978 2731 1077 2802 πρώτον
1089 2732 1172 2801 μηνός.
1203 2732 1275 2785 Idem
1286 2738 1313 2785 et
1322 2733 1380 2787 Mu·

239 2826 296 2864 meuc
305 2822 379 2869 retus
391 2816 547 2869 ludaeorum
558 2816 669 2886 scriptor
680 2816 775 2871 docuit
809 2816 861 2871 Sed
872 2824 898 2871 et
907 2816 982 2871 Philo
993 2818 1038 2871 lib.
1052 2816 1084 2869 da
1095 2817 1156 2870 Vita
1167 2818 1260 2871 llosis:
1277 2816 1320 2885 τὴν
1337 2815 1380 2887 αἰρ-

239 2894 273 2963 pin·
283 2901 318 2965 eit
329 2896 425 2972 ίιρινῆς
437 2898 560 2972 ἰσημερίας
572 2904 671 2971 πρῶτον
682 2900 815 2973 ἀναγράφει
827 2906 891 2973 μῆνα
903 2903 1017 2969 liutein
1035 2902 1214 2972 Adstipnlutnr
1222 2901 1380 2973 etloeepbue

240 2978 272 3031 lib.
281 3000 314 3036 ιιι.
325 2983 397 3055 Orig.
411 3002 468 3056 cap.
478 3004 503 3040 ι.
516 2990 553 3056 τῷ
566 2984 593 3039 bl
605 2986 661 3056 μηνί
673 2990 709 3057 τῷ
720 2986 846 3058 Ξανθικῷ,
858 2986 884 3048 tr
896 2987 999 3039 Νασσιιίν
1010 2984 1070 3057 παρ’
1081 2986 1140 3057 ίιμίν
1152 2986 1274 3056 ααλέίιαι,
1286 2988 1327 3040 καί
1335 2992 1379 3041 τοῦ

240 3059 291 3127 ἔτι-νς
304 3065 365 3121 ἐστίν
381 3068 463 3141 ἀρχὴ,
483 3070 727 3140 ιισσαριςααιδειὰιη
745 3070 807 3123 κατὰ
824 3071 926 3137 σελήνην
942 3069 967 3122 ίν
983 3071 1051 3141 Κριῷ
1068 3077 1112 3123 τοῦ
1129 3070 1200 3138 ἡλίου
1217 3073 1378 3135 καθεστῶτος.

240 3148 303 3217 Igitur
312 3153 466 3209 Iudaeorum
479 3174 532 3211 ιιν.
546 3156 628 3211 Nicen
638 3158 666 3211 in
677 3157 870 3227 aequinoctium
882 3156 1031 3209 incurrebat
1045 3157 1136 3225 priscis
1152 3158 1205 3211 illis
1219 3159 1378 3228 temporibus

240 3244 294 3289 oter
303 3239 381 3293 liceis
393 3241 522 3295 instituto.
544 3242 680 3312 Arpocras
690 3241 862 3313 praescriptos
875 3240 970 3293 limites
981 3241 1175 3310 transgrediens
1186 3243 1378 3312 aequinoctium

241 3317 311 3375 diebus
322 3325 422 3397 aliquot
431 3328 579 3384 antecessit.
597 3326 736 3380 'l'estautur
747 3324 797 3379 hoo
807 3325 985 3379 uetustissima
993 3324 1198 3379 Christianorum
1208 3328 1377 3393 monimenta,

241 3418 291 3471 quie
299 3408 446 3465 ludaeorum
455 3410 552 3482 pascha
561 3412 752 3482 aequinoctium
761 3415 936 3481 praevertere,
948 3410 1011 3463 etin
1022 3428 1070 3465 ιιι.
1080 3427 1170 3465 menae
1181 3412 1305 3467 celebrari
1313 3430 1378 3466 non·

242 3504 352 3561 nunquam
363 3496 512 3552 admonent
540 3495 644 3550 Oenone
652 3516 687 3551 vr.
696 3496 785 3567 Apoet.
795 3496 839 3549 lib.
851 3512 868 3548 ι.
880 3494 910 3547 et
918 3512 953 3555 τις
964 3492 1095 3556 inluxere<
1106 3498 1122 3562 q
1132 3496 1291 3567 πρεσβύτσρος
1300 3498 1315 3564 ἦ
1325 3496 1378 3551 eci-

243 3591 296 3637 τινος
305 3578 344 3645 τὴν
355 3578 428 3651 ipius
440 3586 484 3635 τοῦ
496 3578 582 3652 πάσχα
592 3580 683 3651 ἡμέραν
694 3580 741 3651 πρὸ
751 3584 793 3647 τῆς
803 3578 895 3651 ίαρινῆς
905 3578 1029 3650 ἰσημερίας
1039 3577 1099 3651 perir
1108 3579 1234 3633 Ἰουδαίων
1243 3580 1377 3653 ἐπιτελέσῃ,

243 3658 384 3732 clamore.
421 3666 503 3730 Quem
518 3666 551 3719 sd
567 3666 654 3719 locum
668 3672 782 3737 nugatur
798 3664 953 3731 balsamon,
973 3682 1033 3719 cum
1049 3675 1128 3737 negat
1142 3664 1235 3737 ἐαρινὴν
1252 3666 1377 3739 ἰσημερίαν

243 3749 499 3816 undecennium,
520 3748 577 3803 ἀλλ’
595 3748 636 3803 irc
653 3750 714 3821 τίχρ
734 3768 766 3805 er
783 3752 846 3805 eolla
865 3752 993 3821 lunaeque
1010 3753 1227 3817 revolutionibus,
1247 3755 1317 3823 quod
1337 3760 1378 3809 eet

242 3832 324 3895 puerile
355 3836 395 3889 nd
412 3834 475 3890 baec
488 3834 673 3889 Onnetantinuc
688 3836 716 3889 in
732 3836 862 3907 Epistula,
879 3853 959 3907 quam
974 3837 1008 3890 ad
1018 3838 1147 3892 Eccleeiae
1162 3844 1224 3909 post
1234 3838 1377 3895 Nicaeuum

244 3918 358 3973 mutilium
373 3922 489 3991 scripeit,
504 3920 572 3991 apud
582 3920 678 3976 Eueeb.
689 3922 734 3975 lib.
743 3938 783 3975 ur.
796 3922 827 3975 de
838 3922 899 3976 Vita
910 3922 999 3977 const
1010 3923 1121 3977 ludaeos
1137 3924 1228 3977 eodem
1245 3941 1313 3979 nuno
1330 3927 1376 3979 dn·

243 3996 288 4063 thr
302 4004 393 4072 paecba
409 4006 545 4061 celebrare
581 4004 655 4069 Quod
671 4005 792 4060 uidelicet
807 4008 948 4077 cyclum.
964 4013 992 4061 et
1002 4026 1059 4064 ιιιι.
1071 4008 1194 4063 Nicaenie
1210 4016 1271 4063 anto
1288 4012 1376 4080 aequi·

245 4086 336 4140 tatium
346 4089 443 4160 pascha
453 4090 557 4144 illorum
568 4090 699 4145 incideret
734 4090 807 4155 Quod
824 4098 851 4145 et
861 4093 906 4146 alii
917 4094 1033 4164 plerique
1043 4098 1098 4146 tarn
1110 4094 1284 4149 occidentales
1296 4111 1376 4166 quam

244 4168 355 4227 currules
366 4176 460 4229 imitati
471 4176 588 4229 citimam
598 4176 763 4230 neomeniam
777 4177 865 4231 ldartii
876 4196 900 4230 ι.
912 4177 1040 4242 fixerunt,
1056 4194 1109 4231 ιιι.
1121 4194 1182 4233 vero
1193 4181 1281 4235 ldartii
1292 4196 1374 4243 ινιιι.,

245 4256 351 4323 ll[lectita
360 4258 465 4314 dicetur.
493 4260 620 4331 Equidem
631 4260 732 4314 ludaeis
744 4278 797 4315 non
808 4263 919 4316 arbitror
929 4268 999 4315 certo
1011 4262 1118 4317 coneilio
1130 4265 1287 4335 aequinoctii
1298 4265 1374 4329 dlenn

246 4350 304 4403 quem
313 4358 342 4395 ex
355 4346 536 4399 astronomicis
552 4346 647 4401 tubulis
663 4347 821 4417 investigare
837 4352 959 4417 poseant,
974 4352 1028 4399 tam
1043 4347 1180 4419 insigniter
1196 4350 1374 4415 antevenisse,

246 4420 279 4472 ⁸⁸1
285 4424 479 4497 imprudentibus
490 4447 525 4485 ax
536 4432 649 4503 corrupti
659 4431 769 4485 nterim
778 4433 845 4501 cycli
853 4431 975 4486 methodo
982 4432 1110 4503 paulatim
1118 4434 1211 4488 vitium
1220 4434 1291 4487 istud
1302 4435 1374 4487 obla·

247 4510 292 4561 unq
314 4511 460 4569 Cuiusmodi
470 4514 606 4571 methodus
617 4518 644 4570 in
656 4518 787 4587 superiore
798 4517 923 4571 laterculo
934 4518 998 4571 eatis
1009 4525 1124 4589 apparet
1150 4518 1217 4573 Nam
1228 4519 1328 4573 exactis
1340 4520 1374 4575 84

247 4592 617 4673 audendamque
629 4602 662 4655 ab
671 4604 767 4673 Aprilis
775 4620 810 4657 ιι.
819 4608 951 4673 coeperat,
960 4603 1118 4660 inllartiiv.
1127 4604 1260 4673 reperitur.
1277 4603 1373 4669 Quam·

250 4672 314 4732 obrem
327 4685 436 4739 accidere
451 4686 514 4739 illud
530 4688 627 4759 potnit,
644 4692 673 4741 nt
690 4702 750 4741 cum
767 4692 827 4759 poet
843 4704 926 4741 annue
944 4688 1043 4757 aliquot
1058 4690 1194 4743 neomenia
1205 4688 1287 4744 Niean
1303 4692 1336 4745 ad
1347 4712 1371 4747 ν.

249 4755 313 4817 llarrii
321 4768 492 4825 redactaforet
500 4770 671 4843 deprebensa,
687 4772 753 4843 cycli
769 4772 827 4826 labo
844 4772 960 4827 animum
972 4772 1005 4827 ad
1016 4774 1223 4829 emendationem
1234 4776 1373 4832 adiecerint

252 4846 314 4902 tulo
324 4854 383 4923 cycli
393 4870 488 4927 genere
500 4858 640 4912 constituto
649 4855 726 4912 huius
737 4858 841 4913 initium
852 4858 879 4913 in
892 4857 983 4915 eodem
994 4859 1038 4913 illo
1050 4874 1119 4915 anno
1127 4858 1244 4929 fixerint,
1256 4864 1301 4934 qui
1311 4880 1372 4919 oum
