3650 5642
436 603 521 662 mv

503 759 635 814 Hactenus
649 757 827 813 Romanorum
841 757 996 830 pontificum
1011 757 1091 812 series
1106 772 1140 812 ox
1158 756 1302 812 Annalibus
1318 755 1484 828 deprompta,
1498 755 1539 810 esd
1552 754 1578 808 ad
1613 745 1614 812 ζ

436 861 512 900 seros
522 861 606 899 annos
617 844 728 898 redacta.
745 843 861 908 Quorum
872 843 977 915 quidem
988 843 1141 914 singillatim
1152 847 1270 915 tempora
1280 843 1437 914 perscrutari
1447 843 1503 914 plns
1513 841 1578 895 mele·
1613 859 1614 918 ρ

435 931 592 1000 adaequem
602 930 720 984 utilitatis
730 928 817 984 habet.
1613 981 1614 1006 ρ

503 1015 535 1069 ln
545 1013 684 1087 Epiphanii
695 1014 821 1086 catalogo
832 1021 893 1087 post
903 1013 1091 1086 Telesphorum
1101 1029 1237 1086 perperam
1247 1013 1386 1068 Euarestus
1397 1014 1526 1085 repetitur.
1613 1039 1614 1090 ι

504 1099 536 1154 ‘0
546 1100 589 1172 pte
598 1097 645 1172 γὰρ
651 1099 750 1163 Παῦλος
755 1100 795 1153 sel
804 1098 1042 1172 ἔπὶιὴνΊσποινίιιν]
1061 1099 1135 1166 Quod
1143 1100 1272 1155 iacturum
1283 1115 1312 1154 ee
1321 1099 1447 1154 Romania
1459 1097 1580 1154 dcuuncia
1613 1113 1614 1130 ι

436 1185 713 1252 serat‚liom.xv,28.
1613 1175 1614 1186 ¹

502 1269 740 1334 Ἐπιοιιοπιύσαντας
749 1272 811 1344 πρὸς
822 1271 927 1325 δεκαδύο
936 1267 997 1342 ἴοι]
1016 1270 1120 1343 Singuli
1130 1271 1260 1326 nimirum.
1278 1270 1344 1326 Nam
1355 1287 1388 1324 ex
1400 1267 1582 1324 EusebiiGhro·

434 1358 493 1412 nico
504 1356 569 1411 haec
579 1363 714 1415 mutuatus
726 1364 767 1411 est
776 1356 945 1428 Epiphanius.
964 1355 1015 1410 Ubi
1026 1357 1090 1412 hino
1102 1375 1144 1432 xp,
1157 1357 1229 1411 (ileto
1241 1375 1281 1412 an
1293 1357 1355 1410 enni
1365 1356 1521 1414 tribuuntur.

402 1476 408 1490 .
503 1442 553 1510 Τὴν
565 1440 605 1495 en
615 1447 653 1514 τῷ
665 1442 799 1514 δωδεκάτῳ
811 1439 874 1511 ἔτερ)
891 1442 966 1496 Pessi
982 1448 1044 1496 eunt
1058 1443 1170 1514 apostoli
1180 1443 1209 1497 L.
1225 1443 1334 1496 Fonteio
1351 1442 1478 1512 Capitone
1489 1447 1515 1494 et
1528 1439 1583 1493 lulio

434 1528 504 1582 linio
521 1527 606 1594 (losa,
622 1529 719 1600 quibus
735 1545 804 1582 anno
821 1528 931 1582 Neronis
944 1545 1000 1584 xm.
1017 1529 1091 1582 finito
1109 1529 1194 1600 eoepit
1209 1547 1262 1583 arv.
1276 1545 1309 1582 ex
1326 1533 1386 1582 aute
1400 1527 1472 1580 diem
1483 1545 1521 1581 nr.
1537 1523 1584 1578 Eid.

435 1613 539 1670 Octobr.
571 1615 620 1670 ilic
636 1619 678 1668 est
692 1630 776 1668 annus
793 1614 909 1668 Iulianus
931 1629 1004 1680 curu,
1020 1629 1096 1668 aerae
1112 1614 1287 1684 Dionysianae
1303 1631 1385 1667 narn.
1421 1611 1583 1676 Quamobrem

433 1717 488 1754 uon
502 1715 571 1754 auno
588 1717 635 1754 ιιι.
656 1699 778 1764 Neronis,
797 1705 828 1753 nt
843 1699 947 1770 scripsit
966 1699 1138 1770 Epiphanius,
1159 1699 1206 1754 sed
1222 1717 1280 1753 xrrr.
1297 1699 1401 1752 labente
1418 1696 1516 1752 mortni
1533 1701 1584 1748 sunt

434 1786 553 1858 apostoli.
587 1784 670 1850 Quem
681 1785 744 1839 dnm
754 1784 882 1839 Eusebius
894 1791 921 1838 et
935 1785 1108 1855 Hieronymus
1120 1803 1173 1842 arv.
1191 1785 1330 1856 appeliant.
1347 1783 1448 1838 trustra
1464 1784 1492 1837 in
1510 1783 1584 1836 none

433 1871 503 1924 libus
513 1869 742 1943 reprehenduntur.
775 1871 878 1925 Etenim
889 1871 1005 1941 plerique
1017 1869 1222 1924 Christianorum
1241 1869 1397 1940 scriptorum
1413 1869 1504 1923 solent
1516 1882 1584 1920 anno·

434 1973 492 2010 rum
503 1957 578 2009 initia
589 1972 695 2010 averno
706 1954 874 2028 paschalique
889 1973 988 2022 mense,
1004 1955 1073 2026 qnod
1090 1955 1257 2010 ecelesiastici
1273 1955 1336 2008 anni
1351 1961 1431 2026 caput
1448 1959 1497 2018 eat,
1513 1967 1584 2005 moes·

434 2057 503 2106 sere,
514 2041 541 2094 id
557 2041 626 2111 quod
642 2058 659 2095 a
673 2043 735 2096 viris
753 2043 859 2096 eruditis
875 2043 1042 2096 observatum
1059 2045 1106 2095 est.
1141 2040 1207 2095 Cum
1222 2041 1302 2111 igitur
1313 2056 1396 2094 mnus
1412 2038 1525 2094 Neronis
1539 2054 1584 2089 nn.
1613 2041 1614 2044 ’

433 2126 546 2196 coeperit
557 2126 675 2181 Octobris
687 2146 723 2182 ιι.
735 2128 798 2182 anni
808 2127 903 2181 Iuliani
915 2143 987 2192 cara,
999 2126 1127 2180 Eusebius
1138 2143 1169 2180 ao
1180 2127 1274 2198 reliqui
1289 2127 1345 2180 eius
1362 2126 1469 2179 initium
1480 2141 1498 2177 a
1507 2137 1584 2176 mense

433 2228 512 2266 verno
528 2211 592 2264 saal
607 2213 730 2285 πρόληψιν
746 2217 913 2284 usurparunt.
949 2211 1033 2276 Quare
1049 2211 1113 2266 nihil
1130 2212 1163 2266 ab
1179 2213 1230 2266 illis
1247 2211 1423 2276 commissum,
1443 2211 1485 2265 nti
1499 2225 1544 2264 neo
1558 2207 1585 2258 ab

433 2296 551 2368 Iosepho,
563 2299 616 2368 qni,
628 2299 698 2370 qnod
708 2299 864 2353 Iudaeorum
874 2291 988 2352 historici
999 2303 1196 2364 consueverant,
1211 2297 1396 2368 imperatorum
1407 2312 1439 2350 ao
1451 2296 1585 2368 principun
1613 2359 1614 2366 ρ

433 2398 516 2437 annos
528 2400 545 2437 a
556 2385 635 2438 Nisan
646 2386 751 2456 saepius
761 2384 897 2444 inchoasse
913 2384 1038 2449 creditur,
1058 2383 1162 2438 mmetai
1177 2384 1278 2454 aliquot
1292 2383 1326 2435 ab
1341 2383 1386 2436 illo
1403 2381 1538 2436 mensibus
1554 2380 1584 2431 in·

431 2469 531 2523 iissent.
558 2468 615 2535 Quo
626 2471 672 2524 illa
682 2470 903 2525 Talmndieiarnm
915 2471 1005 2540 regula
1019 2470 1143 2541 pertinet,
1155 2469 1200 2540 qui
1215 2469 1243 2522 in
1258 2473 1368 2522 baculu
1385 2473 1492 2530 suumn
1508 2471 1585 2526 man.

432 2571 489 2625 cap.
497 2574 516 2621 1,
527 2555 572 2610 ioh
582 2573 620 2610 m.
632 2556 727 2609 docent
734 2556 908 2609 Israielitarnm
921 2555 1026 2626 quidem
1036 2571 1130 2625 regum
1141 2571 1224 2608 annos
1236 2555 1269 2607 ab
1281 2552 1451 2607 antecedente
1462 2553 1542 2607 Nisan
1552 2567 1585 2602 or·

432 2641 490 2706 diri,
501 2645 650 2695 exterorum
661 2657 722 2694 sero
733 2641 880 2712 principum
891 2657 909 2693 a
919 2641 994 2695 Tisri.
1029 2639 1103 2705 Quod
1115 2646 1142 2694 et
1156 2640 1187 2694 R
1200 2638 1318 2694 issachar
1333 2639 1384 2692 ben
1400 2637 1549 2692 hdordechai
1563 2635 1586 2686 in

433 2725 562 2796 computo
573 2727 687 2781 tradidit
722 2725 896 2790 Quamobrem
908 2727 933 2780 si
950 2727 1007 2798 quis
1023 2727 1137 2798 exempli
1153 2741 1232 2780 causa
1247 2725 1338 2778 ullium
1355 2725 1396 2778 die
1411 2725 1511 2778 mensis
1526 2721 1586 2775 Adur

431 2826 543 2880 regnum
562 2817 689 2882 capessat,
709 2813 829 2883 sequenti
844 2812 926 2866 Nisan
946 2811 1076 2866 secundus
1096 2813 1198 2883 imperii
1216 2811 1287 2865 illius
1303 2825 1387 2864 annus
1407 2807 1584 2866 numerabitur.

432 2900 507 2958 num
523 2902 615 2991 qim
632 2903 708 2959 rum
725 2903 819 2959 sumu
839 2901 914 2960 *auu
936 2899 989 2959 flii
1012 2901 1115 2990 putate
1131 2903 1180 2964 Ὀ,
1203 2897 1266 2949 Diae
1282 2913 1345 2948 anne
1359 2899 1387 2948 io
1397 2899 1452 2964 fios
1469 2898 1533 2948 oaos'
1541 2911 1584 2962 pru

432 3000 499 3034 nouo
510 2991 652 3052 reputator.
687 2982 761 3046 Quod
773 2983 797 3036 si
808 2984 866 3054 quis
877 2984 961 3054 primo
974 2982 1015 3038 die
1026 2981 1108 3038 Nisan
1117 2983 1237 3054 coeperit,
1249 2999 1302 3036 non
1313 2986 1374 3035 ante
1385 2985 1530 3036 vertentem
1545 2994 1585 3031 an·

431 3083 495 3121 num
506 3067 605 3140 primns
617 3068 770 3136 einsannns
781 3069 937 3124 censebitur.

498 3150 541 3206 Ἐν
552 3155 651 3225 χρόνοις
662 3154 750 3224 τοίνυν,
766 3151 800 3216 ὡς
812 3151 932 3226 ἔρημον).
967 3155 1009 3210 Ex
1020 3153 1125 3210 Irenaeo
1136 3159 1191 3208 tam
1205 3153 1271 3208 baec
1286 3168 1366 3224 quam
1383 3153 1521 3224 sequentia
1536 3164 1585 3205 mu·

430 3243 520 3293 inatus
531 3245 579 3294 est.
613 3240 678 3294 Vide
689 3257 745 3313 cap.
757 3259 840 3307 xxiv„
850 3241 918 3296 libr.

498 3325 530 3382 N.
543 3345 589 3382 vn.
607 3324 644 3379 (li
660 3323 708 3398 γὰρ
724 3327 836 3397 δύναται,
854 3325 870 3379 δι
886 3325 996 3398 laurae.)
1030 3327 1127 3382 Deesse
1146 3324 1264 3382 nonnihil
1283 3323 1361 3379 huius
1380 3325 1432 3379 loei
1450 3319 1586 3394 integritati

430 3412 557 3482 suspicor.
590 3412 643 3465 Aut
654 3411 732 3478 haec,
743 3417 790 3466 ant
799 3411 841 3466 his
852 3414 948 3467 similia
960 3413 1064 3483 scripsit
1074 3411 1248 3483 Epiphanius:
1267 3410 1304 3464 Oh
1317 3407 1364 3482 γὰρ
1376 3411 1478 3463 δύναται
1490 3412 1563 3462 ποιεῖν
1573 3403 1587 3456 i

430 3493 520 3556 ἐκεῖνος
542 3494 652 3549 ἐπιποθεῖ
662 3490 721 3548 εἶναι
732 3496 809 3566 αὐτῷ.
844 3496 882 3551 ou
894 3498 994 3550 δύναται
1006 3496 1033 3550 δὲ
1044 3497 1073 3550 rh
1085 3500 1132 3550 πᾶν
1145 3491 1203 3550 εἶναι
1215 3496 1299 3566 κακον,
1320 3495 1378 3550 οὐδὲ
1389 3496 1436 3550 tsi
1453 3497 1537 3548 κακῶν
1551 3509 1586 3561 γε·

430 3580 534 3648 γονένοιι.
567 3580 626 3634 Βοο
638 3587 713 3634 erant
723 3580 981 3652 carpocratianorum
993 3581 1129 3652 dogmata:
1152 3583 1275 3648 alterurn,
1297 3579 1425 3636 mundum
1441 3587 1586 3648 meatusque

429 3681 574 3718 resumes
585 3681 668 3718 nona
683 3667 753 3719 bono
767 3667 813 3718 illo
830 3683 1004 3738 supremoque
1020 3667 1077 3734 deo,
1097 3669 1143 3722 sed
1159 3670 1192 3724 ab
1210 3668 1373 3723 interioribus
1394 3666 1496 3736 angelis
1512 3665 1586 3722 tuisse

430 3749 558 3803 conditas:
577 3751 700 3816 alterum,
719 3751 748 3803 in
762 3751 891 3806 nudorum
907 3769 1003 3823 genere
1020 3754 1118 3808 censeri
1133 3753 1259 3822 mundum
1270 3769 1389 3825 quaeque
1400 3751 1499 3807 mundo
1512 3749 1586 3806 eooi-

429 3841 525 3890 nentur
543 3836 674 3891 universa.
714 3835 859 3907 Utrumque
878 3837 976 3909 dogma
989 3838 1149 3911 Epiphanius
1166 3840 1312 3910 impugnat.
1347 3839 1462 3894 Primum
1478 3837 1586 3910 quidem,

430 3921 499 3992 qnod
515 3937 550 3973 cx
565 3937 597 3974 eo
614 3937 776 3993 consequens
796 3927 838 3975 est
853 3924 1048 3980 imbecilliorem
1065 3926 1165 3996 angelis
1188 3941 1245 3978 esse
1268 3925 1353 3980 deum.
1386 3924 1505 3978 Alurum
1523 3937 1586 3984 rem,

430 4006 500 4078 qnod
510 4022 570 4060 eum
581 4021 642 4076 pars
657 4008 745 4079 aliqua
754 4008 835 4061 totins
852 4009 1029 4066 uniuersitatis
1043 4011 1154 4066 salutem
1173 4011 1302 4077 obtineat,
1320 4026 1373 4064 non
1384 4011 1467 4081 possit
1483 4011 1587 4064 abono·

428 4109 487 4148 rom
503 4107 598 4162 genere
608 4093 712 4162 penitus
723 4093 836 4148 excludi.

568 4245 614 4300 m>
626 4246 799 4302 munusue
809 4247 946 4316 uxum,
965 4248 1054 4314 Quem
1065 4249 1129 4304 EST
1141 4248 1451 4305 GERINTHIANORUM.

496 4348 528 4404 N.
539 4367 569 4406 n.
588 4341 668 4409 Οὗτος
680 4349 710 4402 δέ
718 4347 790 4419 ἔστιν,
802 4349 943 4422 ἀγαπητοί.)
977 4351 1092 4424 idipsum
1103 4352 1255 4408 Philostrius
1267 4353 1364 4407 scribit.

495 4433 527 4489 N.
540 4453 575 4488 νι.
594 4433 641 4486 llcl
652 4435 740 4486 τούτου
756 4434 824 4488 ἕνεκα
839 4435 855 4503 ἡ
872 4434 1023 4509 παράδοσις.)
1069 4437 1175 4495 uerum.
1197 4438 1241 4492 lib.
1258 4437 1290 4492 de
1306 4437 1411 4493 Resurr.
1428 4444 1455 4492 et
1470 4437 1502 4494 V.
1521 4441 1586 4493 cont.

428 4519 508 4574 llarc.
520 4519 554 4574 ad
565 4537 626 4575 euna
636 4520 743 4575 modum
751 4523 863 4592 apostoli
873 4523 961 4576 locum
973 4523 1047 4578 illum
1058 4525 1184 4595 explicat,
1205 4521 1236 4576 de
1249 4539 1300 4594 quo
1311 4525 1464 4596 interpretes
1475 4525 1585 4578 consuls.

495 4605 528 4661 N.
540 4625 587 4662 vn.
606 4604 675 4658 Ἐπεὶ
686 4605 731 4658 οὖν
743 4602 772 4657 ἄν
784 4606 845 4676 μετὰ
856 4609 980 4679 σταυρόν.)
1014 4608 1087 4662 Idem
1103 4615 1286 4678 argumentum
1302 4615 1378 4680 urget
1393 4609 1518 4664 οδιοιοοι
1531 4609 1586 4664 ilel-

428 4689 527 4745 vidium
537 4691 723 4762 metonymic:
748 4691 770 4743 O
780 4695 855 4754 soror
865 4711 970 4758 ιάοοιιι,
987 4703 1010 4746 et
1020 4699 1048 4746 s'o
1058 4698 1190 4765 proprium
1201 4698 1302 4748 αιίιιινι
1314 4713 1382 4748 meae
1392 4701 1504 4748 emano!
1515 4697 1585 4748 Dicis

429 4777 467 4829 od
477 4793 578 4830 cracem
590 4779 686 4831 doctiss
693 4785 800 4831 metron
811 4781 954 4849 msoiase
960 4791 1127 4849 praesensere
1163 4779 1239 4834 Dicis
1254 4781 1350 4834 Ioanni
1364 4781 1490 4850 desputo
1507 4783 1537 4835 ob
1552 4785 1584 4833 ci·

429 4862 753 4918 memonasterium
769 4866 981 4931 commendatam,
992 4868 1067 4936 puori
1080 4868 1153 4920 iacto
1168 4883 1195 4920 ae
1210 4885 1258 4920 ooo
1274 4866 1380 4922 tabem
1393 4874 1502 4937 φοίνιον
1511 4869 1583 4938 filisa
