3650 5642
1294 613 1381 669 CXIX

233 761 396 833 Epiphaniam
411 780 496 831 meroe
512 780 616 819 manses
627 765 741 819 Iulianos
756 765 909 835 intelligere.
944 765 1012 819 Nam
1023 765 1160 835 Audynaei
1175 764 1218 833 rip
1229 766 1300 833 ἔκτηυ
1312 767 1381 837 (per-

233 865 312 917 peram
322 848 393 901 ἕκτου
403 850 529 921 scriptum
542 851 589 917 ast)
601 867 662 903 cum
673 868 708 903 ιι.
720 851 774 903 Iam
786 855 927 921 comparat.
952 851 1053 905 Rursus
1065 852 1136 905 anim
1148 852 1242 905 vitiosa
1251 853 1328 905 lectio
1340 858 1382 906 eat

234 933 320 1000 πέμπτη
332 931 493 1003 ’ίουουαρίυυ,
505 952 552 1005 pro
564 934 630 1001 ἕκτη.
654 936 770 989 Tametsi
778 934 917 989 Carnarius
928 942 1043 1005 periciam
1052 937 1176 989 Ianuarii
1183 937 1300 999 verterit,
1311 938 1380 1007 quod

233 1019 353 1071 nonnullis
364 1019 500 1089 imposuit,
512 1021 557 1089 qui
567 1018 631 1075 haec
643 1019 734 1091 llpiph.
743 1016 824 1075 verbi
834 1020 881 1090 προ
895 1016 963 1073 ὀκτὼ
972 1019 1052 1072 Elatia
1064 1021 1101 1075 sic
1113 1022 1244 1091 accepisse
1253 1021 1380 1087 ridentur,

233 1105 298 1171 quasi
308 1110 377 1157 assat
386 1105 452 1175 prid.
461 1122 518 1159 ern.
527 1104 620 1170 llidua,
632 1104 681 1159 hoc
693 1110 733 1159 est
744 1104 826 1159 Nonis
837 1106 902 1175 ipsis
913 1106 1036 1159 Ianuarii.
1057 1106 1111 1159 Sed
1121 1106 1169 1176 προ
1183 1102 1250 1158 ὀκτὼ
1262 1104 1342 1158 Elaea
1354 1113 1382 1159 et

234 1188 319 1241 similes
330 1189 453 1259 loquendi
462 1190 591 1243 iormnlae
601 1190 701 1243 Latinis
712 1190 775 1243 iisoe
785 1190 944 1261 respondent
953 1207 977 1243 a.
987 1191 1011 1243 d.
1020 1209 1077 1245 ιιιι.
1088 1191 1125 1243 Ιιί.
1137 1198 1198 1256 etc,
1211 1190 1261 1245 hoc
1272 1198 1312 1244 eet
1323 1193 1380 1261 ipso

233 1273 266 1325 die
276 1292 328 1329 rur.
339 1274 390 1339 ld,
406 1280 437 1327 ut
451 1279 479 1327 ot
492 1275 556 1329 alibi
571 1276 730 1345 scripsimus.
766 1274 850 1339 Quare
862 1293 896 1329 ex
906 1276 987 1347 priori
995 1282 1059 1329 uota
1074 1276 1137 1340 diei,
1153 1275 1202 1331 hoc
1218 1282 1259 1329 eet
1275 1295 1332 1331 ern.
1343 1277 1380 1330 ld.

232 1358 287 1421 lau,
299 1360 514 1429 corrigendam
527 1359 624 1429 πίμπιη
637 1367 663 1415 et
673 1361 701 1413 in
713 1359 769 1427 ἕκτη
781 1361 913 1415 ιιιιιιαιιιίο.
932 1360 1007 1426 Quod
1018 1368 1045 1413 et
1053 1361 1121 1429 'Iphi
1131 1360 1241 1426 Actiaci,
1252 1362 1308 1415 eive
1320 1362 1381 1416 Dio·

232 1444 352 1509 elerianei,
368 1445 423 1501 dies
440 1446 498 1516 ipsa
509 1445 679 1511 demonstrat,
695 1446 769 1501 cuius
781 1465 817 1501 rr.
830 1447 858 1501 in
870 1465 904 1501 vn
916 1445 971 1501 Ian.
983 1447 1112 1501 convenit.
1136 1447 1173 1499 Ac
1185 1446 1286 1499 videtur
1301 1448 1328 1501 in
1340 1466 1380 1513 eo,

232 1529 289 1597 qnod
300 1530 418 1599 quintam
429 1530 543 1585 Ianuarii
555 1531 623 1585 ιίίυιιι
634 1548 680 1602 pro
693 1536 768 1585 sexta
779 1532 903 1603 sumpsit,
916 1532 1035 1601 mysterii
1045 1530 1144 1603 aliquid
1156 1548 1222 1584 esse.
1245 1531 1381 1602 Siquidem

231 1622 251 1665 et
259 1615 534 1687 constantinopolitani
544 1622 637 1685 postea
648 1635 671 1669 v.
677 1617 792 1671 lanumii
800 1616 841 1671 die
850 1616 1010 1687 baptismum
1019 1615 1114 1669 Christi
1124 1616 1298 1681 celebrabant,
1310 1619 1380 1686 quod

230 1700 286 1751 intr.
294 1702 374 1770 uulgo
383 1700 520 1765 confertur,
533 1707 563 1755 ut
574 1717 608 1754 ax
617 1701 746 1755 Mannelis
755 1700 863 1755 Novella
871 1721 890 1755 r.
902 1702 933 1755 da
941 1702 1023 1754 Feriis
1034 1708 1060 1753 et
1073 1700 1228 1771 Guropalate
1240 1702 1378 1771 colligitur.

285 1784 353 1837 linai
361 1785 495 1855 Κυπρίους,
508 1785 584 1839 είτουυ
593 1785 774 1856 Σαλαμινίους.]
791 1786 850 1839 Non
862 1791 914 1851 est,
927 1793 956 1841 ut
967 1786 1074 1856 qnidam
1085 1787 1231 1862 existimat,
1242 1792 1379 1856 corruptus

231 1868 263 1921 lic
272 1870 362 1941 Epiph.
374 1872 461 1936 ίουιιε,
477 1872 504 1925 in
519 1873 618 1929 mansis
633 1872 814 1943 appellatione.
837 1870 904 1925 Nam
915 1872 970 1927 lan.
982 1873 1016 1924 ab
1026 1872 1088 1925 illus
1100 1870 1210 1935 Quintus
1221 1872 1379 1935 nominetur,

232 1964 253 2005 ut
266 1972 280 2005 a
293 1956 402 2009 Roman.
416 1956 551 2021 Quintilis,
566 1956 687 2023 Sextilis,
704 1956 857 2027 September
873 1962 923 2011 etc.
958 1956 1010 2009 Sed
1026 1956 1151 2010 mendum
1165 1956 1193 2009 in
1204 1972 1269 2009 voca
1280 1955 1379 2025 πέμπτη

231 2040 324 2093 subesse
339 2043 428 2112 potius
444 2042 562 2097 arbitror.
597 2042 653 2095 Nisi
670 2058 686 2095 a
702 2041 757 2097 lan.
770 2041 883 2095 secundo
896 2040 1011 2111 Πέμπτον
1027 2041 1156 2111 auspicati
1169 2042 1223 2094 sint
1234 2040 1381 2095 Salaminii.

231 2122 272 2177 Sed
282 2127 445 2181 verisimilius
464 2134 504 2179 est
519 2126 611 2197 Epiph.
624 2134 670 2179 aut
686 2128 741 2183 eius
753 2127 901 2191 librarium,
917 2143 978 2179 cnm
992 2126 1143 2196 imprudens
1159 2125 1257 2195 πέμπτη
1274 2130 1317 2177 τοῦ
1330 2123 1379 2175 ’ία-

232 2210 328 2277 asspiro
337 2212 485 2282 scripsisset
491 2229 538 2282 pro
548 2210 617 2281 ἕκτη,
627 2212 944 2267 ideminSalaminiorum
952 2228 1042 2264 mense
1050 2211 1150 2265 iecisse.
1168 2210 1284 2279 Apparet
1292 2215 1379 2262 autam

231 2310 257 2345 ιι
272 2294 315 2348 hoc
331 2298 389 2351 loco
406 2296 563 2351 Salaminios
579 2314 677 2351 annum
694 2313 710 2349 a
725 2297 858 2367 Septemb.
871 2296 919 2349 lul.
930 2296 988 2349 Kal
1001 2297 1150 2366 auspicatos
1168 2312 1238 2357 esee,
1256 2294 1325 2363 quod
1340 2295 1378 2347 in-

232 2378 336 2435 dictionis
348 2383 464 2452 annique
475 2382 644 2453 primordium
655 2382 937 2453 Constantinopolitani
947 2390 1040 2451 postea
1050 2380 1235 2453 praefixerunt.

285 2466 351 2519 Κατὰ
362 2467 471 2537 Παφίους
483 2465 580 2521 ’ίοιίλου
592 2466 863 2537 τεσσαρεσκαιδεκάτη]
886 2467 970 2537 Igitur
985 2465 1035 2519 Iuli
1050 2465 1148 2519 mansis
1164 2464 1268 2516 initium
1279 2480 1295 2515 a
1307 2481 1378 2517 xxiv.

232 2548 279 2603 lter.
301 2551 350 2615 Qui
362 2554 385 2607 ai
395 2554 512 2607 lulianus
523 2553 587 2617 tuit,
603 2552 724 2607 credibile
741 2558 782 2607 est
797 2554 831 2605 ab
849 2552 1014 2625 aequinoctio
1026 2568 1105 2605 verno
1118 2549 1219 2602 circiter
1230 2564 1329 2600 annum
1339 2549 1378 2600 in·
1439 2624 1442 2627 ἢ

231 2638 315 2704 cepisse
325 2638 448 2708 Paphios.
474 2637 541 2691 Nam
551 2638 575 2691 si
586 2637 658 2693 Iulus
669 2639 805 2693 Ianuarius
817 2644 870 2703 est,
882 2638 982 2691 mensis
993 2638 1027 2689 ab
1039 2636 1084 2689 illo
1096 2635 1186 2689 tertius
1198 2634 1226 2687 in
1237 2650 1298 2688 eum
1310 2633 1379 2687 diem

232 2723 403 2791 propemodum
415 2724 522 2789 desinit,
535 2724 580 2793 qui
592 2724 757 2793 aequinoctio
770 2722 901 2793 quondam
913 2723 1053 2775 attributus
1066 2726 1114 2774 est.

285 2807 351 2861 Κατὰ
362 2805 473 2879 Ἄραβας
485 2807 603 2878 ’Λλέωμ.]
627 2808 658 2861 ln
668 2809 785 2878 vulgaris
796 2808 913 2861 Arabum
924 2808 1058 2861 mensibus
1073 2822 1159 2877 neque
1174 2806 1278 2870 Aleom,
1296 2822 1380 2875 neque

232 2892 267 2959 qui
275 2899 363 2962 postea
375 2900 593 2949 commemoratur
601 2892 806 2963 Augalthabaith
816 2895 903 2947 locum
916 2894 998 2947 ullum
1008 2892 1095 2947 hahet.
1116 2891 1168 2945 Sed
1179 2908 1264 2961 neque
1275 2892 1379 2945 lunares

232 2992 317 3033 naneae
334 2980 379 3033 isti
395 2985 470 3043 sunt,
487 2980 511 3033 si
529 2978 633 3049 quidem
648 2980 676 3033 in
692 2980 746 3033 lan.
756 2998 790 3033 ιι.
803 2978 895 3033 Aleom
907 2998 961 3033 xxi.
978 2978 1089 3043 incidat,
1107 2994 1174 3047 qnae
1190 2982 1244 3030 tum
1258 2976 1312 3029 dies
1324 2981 1382 3029 erat

233 3061 293 3116 husa
304 3082 367 3128 rm,
383 3064 456 3133 cyclo
468 3083 486 3120 ι.
509 3063 576 3119 Nam
590 3066 728 3126 neomenia
740 3082 773 3119 ex
784 3064 950 3119 Ptolemaicie
961 3064 1065 3117 Mulieri
1076 3062 1183 3116 Tabulis
1195 3062 1307 3132 contigit
1317 3062 1379 3119 Dec.

233 3146 263 3198 ii.
273 3148 293 3201 8.
304 3146 370 3214 32’.,
386 3150 459 3219 cyclo
474 3150 525 3214 la,
538 3165 606 3203 anuo
618 3148 718 3203 Iuliano
731 3168 801 3206 univ.
825 3150 864 3203 De
875 3147 1081 3217 Angalthabaith
1091 3147 1160 3200 idem
1171 3152 1263 3217 postea
1274 3146 1379 3199 demon·

233 3234 345 3289 strabitur.
370 3234 497 3299 Quocirca
508 3234 623 3289 nondum
634 3235 753 3289 lunarem
764 3251 862 3287 annum
880 3233 912 3287 ad
927 3233 1031 3285 civilem
1041 3249 1121 3285 usum
1131 3232 1231 3285 Arabes
1242 3233 1381 3285 transtule-

234 3326 284 3373 rant.
305 3320 372 3373 Nam
385 3336 445 3373 cum
457 3320 556 3373 Arabes
567 3320 687 3373 nominat
697 3318 869 3390 Epiphanius,
880 3319 1008 3371 maiorem
1019 3318 1090 3369 illiue
1102 3317 1189 3386 gentis
1200 3316 1380 3386 potioremque

233 3412 315 3469 paen
325 3406 456 3475 intelligit
480 3405 517 3459 Ac
529 3404 596 3459 Seal.
612 3406 630 3459 l.
641 3424 671 3459 rr.
688 3404 719 3459 de
730 3404 838 3459 Emand.
851 3404 955 3473 Temp„
972 3408 999 3455 et
1009 3403 1078 3472 laag.
1092 3400 1155 3455 Can.
1170 3400 1188 3455 L
1200 3420 1229 3455 11.
1243 3417 1273 3452 ac
1285 3420 1324 3455 ιιι.
1336 3419 1380 3454 ιο-

234 3496 285 3541 teres
293 3491 390 3544 Arabes
401 3489 533 3561 Galippica
545 3490 698 3545 anniiorma
710 3506 772 3543 usos
784 3504 841 3543 esse
851 3487 978 3557 decernit,
990 3494 1020 3541 nt
1031 3494 1056 3540 et
1066 3484 1210 3540 Chaldaeos
1221 3502 1252 3538 ac
1261 3486 1379 3552 Iudaeos,

234 3572 330 3637 Arabum
339 3592 401 3629 roro
411 3576 541 3645 duplicem
551 3590 651 3629 aunum
658 3574 732 3640 iacit,
745 3574 855 3629 alterum
864 3574 1069 3637 Damascum,
1082 3573 1137 3627 eive
1145 3571 1325 3641 Hagarenum,
1338 3573 1381 3627 cui

234 3656 387 3715 desultorium
398 3660 568 3715 intercalandi
580 3676 680 3715 morem
691 3660 821 3725 attribuit,
833 3658 907 3712 cuius
919 3657 1040 3728 periodus
1053 3673 1174 3711 ccxxvrn
1185 3658 1261 3709 annis
1273 3658 1379 3712 Iulianis

235 3743 317 3811 trinit,
330 3748 422 3817 inqua
432 3762 535 3801 menaea
548 3762 638 3799 ornnes
650 3746 802 3817 singillatim
811 3760 910 3797 annum
918 3742 1044 3797 inchoant
1051 3743 1218 3812 vicissimque
1227 3744 1379 3796 terminant:

235 3830 324 3885 altemrn
335 3833 399 3886 anni
410 3832 539 3885 rationem
550 3833 648 3885 embra
659 3830 853 3885 intercalatione
865 3830 979 3883 solutam
991 3846 1021 3883 ac
1032 3834 1160 3883 retortam
1173 3845 1206 3881 ex
1219 3828 1295 3882 annis
1307 3828 1380 3882 luna·

235 3914 467 3987 ribus,simplicibua
485 3918 631 3982 constituit,
649 3933 727 3987 quam
743 3916 777 3967 ab
793 3915 865 3969 Indis
883 3914 945 3967 olim
961 3921 1128 3985 usurpatam,
1143 3919 1235 3984 postea
1251 3914 1330 3966 etiam
1346 3914 1379 3967 ab

235 3998 344 4057 trabibus
358 4002 564 4074 praesertimque
575 3998 772 4055 Mahumedanis
788 4000 870 4053 docet
904 3999 972 4053 Nam
988 4000 1033 4069 qui
1048 4000 1081 4051 ab
1097 3999 1196 4069 Hegira
1211 4004 1380 4052 numerantur

236 4088 282 4139 nni
296 4088 365 4143 nulle
382 4086 587 4141 intercalationis
598 4086 686 4139 fraeno
704 4086 809 4139 coerciti
819 4102 865 4157 per
876 4084 1006 4139 lulianam
1017 4084 1111 4137 senem
1124 4084 1231 4154 impune
1242 4087 1380 4153 vagantur.

236 4168 293 4229 Quod
304 4174 325 4227 ri
336 4174 396 4243 qnia
407 4174 524 4243 requirat
539 4172 607 4225 unde
619 4170 751 4241 Scaligero
769 4176 871 4223 constat
881 4175 998 4224 vetustos
1009 4168 1107 4221 Arabes
1125 4168 1292 4222 desultoriam
1307 4168 1380 4221 illam
1466 4182 1473 4207 ι

235 4252 386 4311 intercalandi
397 4258 510 4313 ienuam
522 4256 591 4309 ciuili
601 4256 752 4327 praesertim
763 4272 814 4311 usu
825 4257 952 4320 tenuhse,
969 4261 1015 4307 aut
1030 4252 1140 4307 eandem
1156 4254 1265 4307 subinde
1276 4259 1380 4305 retexu-

237 4336 284 4403 isse,
294 4358 322 4394 ac
332 4359 405 4399 mere
417 4344 535 4395 lunarem
547 4342 714 4413 praetulisse,
731 4358 764 4397 ne
781 4358 864 4395 unum
881 4340 985 4411 quidem
996 4340 1148 4409 scriptorem
1160 4338 1235 4391 affert
1246 4337 1290 4406 qni
1301 4334 1327 4389 id
1338 4335 1381 4390 vel
1458 4332 1461 4337 ’

237 4420 347 4481 lausaima
359 4427 477 4483 ευοιίοαι
501 4426 585 4491 Quare
597 4427 658 4481 dum
674 4426 798 4481 confictas
812 4426 871 4479 illas
884 4426 998 4477 Arabum
1010 4426 1129 4494 periodos
1142 4421 1324 4493 operosissime
1336 4422 1380 4475 de·
1400 4468 1428 4513 φ.
1437 4457 1481 4501 Μ

239 4510 319 4577 scribit,
330 4512 380 4567 hoc
392 4521 433 4567 est
443 4512 547 4567 somnia
558 4528 605 4565 ena
615 4512 789 4583 prosequitur,
806 4516 833 4563 ot
844 4528 891 4563 suo
904 4515 930 4563 et
939 4510 1043 4563 lectoria
1056 4511 1109 4564 otio
1121 4510 1323 4578 intemperanter
1334 4509 1379 4561 ab·

240 4592 307 4649 utico.
327 4597 383 4661 Quo
396 4596 502 4669 quidem
512 4596 540 4651 in
552 4597 657 4667 negotio
670 4603 710 4651 eet
720 4597 784 4651 illud
796 4612 860 4649 eane
871 4593 1027 4659 iucundum,
1039 4595 1109 4665 quod
1120 4592 1229 4648 eandam
1239 4592 1312 4645 illam
1323 4610 1378 4665 por.

241 4692 331 4745 quaer
344 4698 464 4741 ccxrvrn
475 4682 583 4735 Iulianis
595 4682 684 4747 mnis,
695 4682 814 4735 Arabicis
826 4698 899 4745 vero,
910 4679 952 4731 rel
964 4679 1070 4746 solutis,
1082 4694 1188 4735 ccxxxv
1200 4682 1315 4744 constat,
1332 4680 1378 4733 ali·

240 4765 284 4817 cubi
294 4768 468 4837 exeo'gitatam
480 4783 496 4821 a
508 4784 536 4819 se
548 4766 629 4832 diem,
640 4766 702 4820 alibi
711 4782 771 4821 vero
782 4767 815 4821 ab
825 4764 953 4819 Arabibue
965 4765 1143 4835 etHagarenis
1155 4763 1187 4815 ab
1199 4764 1273 4817 initio
1285 4764 1379 4819 iuliani

241 4853 286 4903 uni
299 4860 425 4925 repertam
441 4857 468 4907 et
483 4851 629 4907 institutam
641 4851 790 4923 imprudens
802 4856 908 4907 asserat
931 4849 1036 4905 Etenim
1046 4850 1064 4908 ί.
1074 4869 1103 4908 m
1116 4848 1146 4903 de
1157 4846 1264 4904 Emend
1276 4867 1302 4925 p.
1314 4850 1378 4916 134,
