3650 5642
1316 624 1388 679 XCV

239 774 425 841 constituerem
443 775 475 829 de
491 792 544 847 qno
560 776 716 847 paulopost.
740 776 845 829 Interim
858 776 1030 847 quadrantem
1038 778 1125 841 illum,
1137 794 1215 848 qoem
1227 794 1287 831 cum
1299 778 1388 832 solidis

240 858 319 913 dishua
329 861 513 915 intercalatum
530 860 637 915 Solinus
653 860 777 932 prodidit,
794 863 918 916 amandos
934 864 1108 933 exploremus.
1131 862 1305 918 Solinirerba
1315 870 1388 918 eunt:

240 944 272 997 lit
284 956 311 998 at
322 954 415 999 moraes
431 958 527 1001 certum
539 951 697 1016 praeteritus
712 951 844 1017 acceperet
858 966 939 1012 error,
958 951 1013 1001 dice
1024 966 1079 1002 ιιι.
1091 958 1117 1001 ct
1131 950 1299 1018 qaodroarcro
1315 952 1391 1001 ιιίιιιιί

239 1032 393 1085 ammovet
400 1042 447 1085 eto.
470 1032 517 1086 Itte
529 1047 592 1102 ergo
604 1048 689 1085 annm
701 1032 773 1085 solus
783 1046 906 1086 oocrnrr.
915 1032 971 1087 dies
978 1030 1082 1098 babuit,
1093 1034 1268 1104 atiideioceps
1276 1048 1389 1089 ccccxv.

239 1124 262 1166 et
271 1116 443 1185 quadrantem.
468 1116 519 1181 Qui
530 1117 614 1171 Solini
624 1118 697 1170 loona
710 1122 756 1170 aut
766 1118 872 1170 inscitia
882 1117 1060 1180 librariorum,
1076 1124 1123 1172 aut
1138 1119 1272 1189 scriptoris
1283 1118 1390 1172 hahuci·

239 1202 334 1255 natium
343 1203 413 1256 male
423 1202 530 1256 babitus
541 1208 589 1257 est.
613 1202 705 1255 Annus
717 1201 885 1256 Goninsionis
896 1209 998 1273 praeter
1010 1204 1154 1257 ordinarios
1162 1218 1270 1268 coonu,
1286 1204 1331 1273 qui
1341 1204 1392 1257 luit

239 1288 294 1339 anni
303 1286 414 1341 Romani
425 1288 531 1353 modus,
548 1288 603 1340 dies
619 1286 711 1341 hahuit
725 1288 847 1341 insititios
859 1304 955 1353 nrum,
970 1294 1001 1341 ut
1011 1288 1061 1342 Dio
1071 1293 1189 1344 testatur.
1212 1289 1260 1343 His
1275 1290 1299 1342 si
1312 1290 1390 1343 inter·

239 1372 353 1426 ratetum
370 1370 568 1427 hiarhedonium
590 1388 742 1437 recenseas,
762 1373 807 1443 qui
827 1373 993 1427 commodum
1011 1374 1039 1427 in
1059 1390 1120 1427 oum
1140 1390 1238 1429 sunum
1256 1374 1391 1439 inciderat,

238 1472 332 1511 summa
346 1458 448 1512 dierum
464 1458 611 1512 additurum
628 1464 669 1512 est
679 1474 739 1523 ιι,
755 1459 778 1511 si
793 1458 978 1513 Msrhedonins
993 1476 1083 1524 xxm„
1099 1460 1142 1513 rel
1158 1476 1279 1527 nrum,
1295 1460 1319 1513 si
1333 1476 1391 1516 xsrr

239 1542 359 1596 drntaxat
376 1544 497 1598 obtinuit.
539 1542 623 1608 Quare
641 1548 667 1597 et
686 1543 853 1597 Goutusionis
870 1560 954 1598 annus
971 1545 1027 1598 dies
1043 1546 1159 1615 postulat
1175 1560 1330 1608 cocorum,
1349 1546 1393 1599 rel

238 1642 375 1693 occursu,
393 1636 423 1681 ut
435 1628 593 1683 Censorinus
610 1630 699 1683 scribit
715 1644 777 1700 pag.
788 1628 830 1684 46.
860 1631 946 1700 Atque
962 1631 1001 1685 illi
1017 1630 1123 1700 quidem
1133 1630 1189 1685 dies
1200 1631 1238 1683 ita
1249 1630 1392 1701 dispenmu‘

238 1720 303 1778 sunt,
314 1718 344 1767 ut
355 1730 416 1768 curu
428 1715 601 1780 intercalaris,
613 1716 668 1768 sire
679 1712 877 1779 Merkedonius,
892 1732 969 1769 suum
981 1716 1008 1768 in
1020 1716 1161 1770 Februario
1171 1717 1258 1769 locum
1273 1733 1308 1769 ex
1318 1730 1391 1769 more

238 1800 334 1852 sortitus
356 1806 439 1864 esset,
461 1800 512 1854 dno
536 1800 580 1853 alii
596 1816 699 1854 menses
716 1800 783 1853 inter
799 1799 974 1854 Nouembrem
990 1816 1021 1854 sc
1038 1800 1208 1855 Decembrem
1223 1802 1313 1855 inserti
1330 1802 1391 1866 sint,

238 1882 329 1938 dierum
340 1886 420 1939 ambo
432 1886 613 1950 aimoinum,
625 1887 663 1939 ita
673 1891 703 1939 ut
710 1887 879 1957 peraequatio
888 1886 947 1957 ipss
954 1887 983 1939 in
990 1887 1054 1939 anni
1063 1886 1144 1939 mem
1155 1886 1309 1940 incubuerit.
1325 1886 1392 1939 ilino

238 1969 276 2021 illa
286 1972 422 2024 redssima
434 1972 561 2042 suspicio,
573 1968 694 2025 Solinum
707 1986 864 2035 cocciano,
876 1988 930 2025 non
942 1987 1066 2026 cccrarv.
1079 1972 1222 2041 scripsisse.
1244 1970 1311 2025 Nam
1322 1970 1392 2041 quod

239 2054 285 2108 diss
296 2072 378 2109 unum
390 2062 417 2109 et
427 2056 523 2127 riffl'nti
534 2072 593 2110 oum
605 2056 749 2127 quadrante
765 2057 906 2110 accessisse
922 2057 997 2122 dicit,
1013 2056 1046 2109 ad
1057 2056 1254 2111 Merkedonium
1264 2058 1392 2127 respicere

238 2142 324 2208 potuit,
335 2142 383 2211 qni
391 2158 470 2205 ιιι,
482 2148 528 2195 aut
536 2160 611 2197 rrur.
620 2142 712 2196 diebos
721 2143 866 2197 constabat
884 2141 1040 2211 Quanquam
1049 2142 1240 2195 deintercalato
1249 2142 1392 2212 quadrante

239 2240 320 2293 parum
330 2226 470 2280 commode
481 2228 616 2297 scripsisse
627 2227 736 2282 ridetur.
763 2226 822 2281 Non
838 2228 908 2280 enim
924 2227 1081 2297 appendices
1097 2226 1176 2281 horae
1192 2227 1220 2279 in
1237 2228 1307 2281 civili
1322 2242 1391 2281 sono

238 2311 374 2366 tnurmlari
391 2312 520 2366 dicuntur.
555 2312 625 2376 Quas
642 2318 672 2365 ut
688 2328 719 2367 eo
738 2328 818 2365 seusu
835 2312 926 2365 demus
942 2312 1108 2365 intercalatae
1123 2312 1220 2377 fuisse,
1238 2314 1307 2382 quod
1323 2314 1393 2367 ultra

238 2412 332 2451 menam
340 2398 450 2468 diesque
462 2398 559 2452 solidos
572 2402 745 2463 excurrerent,
756 2412 816 2451 curu
824 2398 853 2451 in
863 2399 925 2451 anni
934 2396 1101 2451 Gomosionis
1115 2399 1216 2451 exitum
1224 2399 1391 2468 peraequatio

239 2482 282 2533 'ota
296 2484 447 2548 conveniat,
463 2500 517 2537 non
533 2484 619 2553 potuit
630 2482 727 2537 Caesar
737 2484 887 2554 proximum
898 2484 1031 2536 bisantem
1046 2483 1075 2535 in
1091 2500 1131 2538 ιιι.
1143 2483 1284 2547 lulianum,
1300 2482 1348 2536 sed
1363 2484 1392 2536 in

241 2584 268 2617 ιι.
278 2569 411 2622 ineuntem
422 2568 548 2631 indicem
564 2575 620 2622 tum
637 2570 747 2633 scilicet,
765 2584 825 2621 cnm
841 2568 895 2621 dies
913 2584 947 2621 ex
963 2567 1151 2637 quadrantibus
1167 2568 1282 2622 collectis
1292 2568 1392 2621 solidus

241 2654 363 2707 roomo
376 2655 428 2707 etsi
436 2654 566 2724 quadrans
574 2654 617 2707 ille
626 2654 744 2707 horarios
753 2670 807 2707 non
815 2670 875 2707 cum
884 2653 987 2707 duobus
998 2653 1106 2723 reliquia
1117 2654 1264 2718 mensibus,
1276 2653 1321 2707 sed
1332 2668 1392 2707 cum

240 2736 399 2793 licrhedonio
409 2738 582 2811 προληπτιιῶς
593 2738 699 2793 inflssus
711 2740 762 2793 dici
772 2744 870 2809 potest,
883 2744 912 2792 ut
923 2740 1022 2792 iustum
1033 2738 1067 2790 ad
1078 2739 1253 2809 colligendum
1265 2740 1392 2808 quadran·

241 2830 284 2875 tom
295 2826 406 2879 altarum
417 2826 531 2895 spatium
543 2840 612 2878 anno
624 2827 707 2895 primo
719 2824 821 2878 Iuliano
837 2826 944 2889 ineunte
959 2840 1018 2877 esse
1032 2824 1153 2893 potuerit.
1175 2823 1350 2879 Nihilominus
1360 2825 1393 2879 de

241 2906 282 2961 loc
291 2909 374 2963 Setini
385 2911 444 2964 loco
456 2910 625 2981 cogitandum
636 2894 748 2981 amplius
760 2926 861 2963 censeo.

298 2994 343 3049 liis
355 2996 503 3049 necessario
514 2997 662 3049 constitutis
672 3010 800 3066 negamus
812 3012 910 3049 annum
921 2996 996 3049 illum
1005 3012 1057 3066 quo
1065 2996 1190 3050 Lentulus
1201 3002 1228 3049 et
1235 2997 1392 3050 hiessahnus

243 3094 298 3132 coes.
309 3080 416 3134 inerunt
426 3082 576 3135 bisextilem
587 3080 690 3136 fohaso.
712 3080 800 3135 Fuerit
810 3082 880 3134 enim
892 3098 926 3133 ex
937 3080 996 3134 lulii
1008 3081 1127 3135 (laeseris
1139 3082 1312 3147 ordinatione,
1324 3080 1394 3152 qaod

242 3164 307 3218 valde
321 3168 451 3219 incertum
467 3182 526 3220 esse
542 3166 667 3220 hactonus
684 3166 899 3220 monstrarimuez
917 3170 1088 3236 posteaquam
1104 3166 1209 3237 quidem
1224 3168 1257 3220 ab
1273 3169 1393 3238 Augusto

242 3257 361 3305 coneus
373 3256 414 3305 ost
426 3268 524 3317 annos,
540 3253 564 3305 si
575 3252 609 3306 ab
621 3268 711 3305 eorum
722 3252 822 3323 aliquo,
839 3266 904 3321 quoe
917 3252 1052 3304 bisextiles
1062 3257 1116 3304 tam
1126 3252 1184 3321 ipse
1194 3266 1275 3321 quam
1285 3254 1395 3322 posteri·

242 3342 275 3387 tas
285 3338 369 3390 omnis
380 3336 485 3401 hahuit,
497 3342 565 3391 retro
576 3354 710 3403 numeres,
726 3352 854 3407 negamus
866 3342 1024 3401 constanter,
1039 3336 1187 3389 bisextitem
1198 3352 1260 3389 eum
1270 3352 1393 3407 essequo

244 3418 362 3476 Gnatum
380 3424 407 3475 in
424 3424 509 3476 lucem
526 3423 623 3476 editum
639 3424 753 3477 Annales
770 3423 939 3477 ecclesiastici
953 3422 1115 3475 confirmant.
1143 3421 1204 3475 Fuit
1217 3420 1260 3474 hic
1276 3421 1394 3476 Iulianus
1419 3452 1440 3491 μ
1449 3442 1493 3482 ros.

244 3522 318 3571 mus,
335 3508 382 3579 qui
399 3506 562 3578 Olympiodis
574 3524 662 3564 crcrv.
681 3524 750 3563 anno
768 3510 852 3579 primo
869 3508 973 3562 labente
991 3509 1088 3578 coepit,
1106 3507 1140 3560 ab
1152 3506 1220 3560 Urbe
1232 3506 1343 3561 Condita
1359 3526 1393 3562 ex

244 3591 394 3647 Varroniano
404 3595 538 3665 putatione
550 3610 640 3649 occas.
659 3596 689 3648 ln
700 3594 802 3649 Iuliana
811 3610 888 3665 porro
899 3592 1019 3664 periodo,
1031 3608 1084 3663 qua
1094 3592 1159 3647 nibil
1170 3593 1203 3646 ad
1214 3594 1394 3648 extricandam

244 3674 430 3749 chronologiam
441 3680 599 3750 expeditius,
610 3696 663 3734 non
676 3680 757 3735 alium
766 3696 864 3733 annum
873 3685 984 3749 occupat
994 3694 1073 3749 quam
1081 3678 1173 3743 stt-1,
1184 3680 1257 3748 cyclo
1268 3680 1330 3734 solis
1339 3698 1394 3746 ιιι,

245 3762 310 3817 tunae
320 3782 412 3829 mon,
426 3765 513 3818 indict
525 3782 543 3818 ι.
556 3766 716 3831 aianuario,
734 3782 750 3818 a
762 3765 908 3835 Septembri
918 3780 981 3817 roro
993 3782 1021 3819 u.
1044 3763 1118 3828 Quod
1130 3764 1234 3834 quidem
1244 3782 1298 3820 nou
1309 3767 1395 3819 conie-

245 3852 313 3913 ctura,
324 3849 371 3903 ssd
383 3849 604 3903 demonstratione
615 3852 712 3904 nititur.
734 3850 853 3905 Mortuus
868 3855 909 3903 est
919 3851 1054 3919 Angustus
1066 3848 1154 3903 Sextis
1165 3850 1267 3905 duobus
1278 3867 1353 3917 coss,
1365 3858 1396 3905 ut

246 3936 348 3988 omnium
361 3950 494 3989 consensu
506 3936 745 4005 exploratissimum
758 3942 808 3999 est,
821 3950 890 3989 anno
902 3933 980 3988 Urbis
991 3934 1050 3991 toa.
1072 3937 1139 3988 Ante
1152 3938 1317 3990 consulatum
1328 3937 1394 3991 Sex·

246 4023 332 4086 torum,
353 4021 378 4072 si
401 4026 471 4073 retro
492 4036 625 4086 numeres,
646 4023 720 4092 paria
735 4027 797 4074 sunt
817 4021 923 4075 omnino
938 4022 1076 4074 consutum
1091 4038 1148 4085 ιιι,
1164 4022 1325 4092 proindeque
1340 4038 1394 4075 ιιι,

245 4118 330 4159 monna
342 4106 499 4159 anteriorem
512 4112 640 4176 occupant
650 4106 777 4160 Lentulus
789 4112 815 4159 et
825 4106 991 4161 Marcellinus
1003 4122 1069 4160 coes.
1092 4105 1205 4176 Insignis
1221 4123 1298 4178 porro
1309 4122 1395 4161 annus

246 4188 378 4245 illemortis
389 4192 500 4261 Augusti
508 4192 559 4245 ruis
567 4192 644 4245 lunae
653 4190 780 4263 deliquio,
793 4192 861 4263 quod
871 4208 913 4245 rs..
926 4192 967 4244 die
979 4191 1013 4245 ab
1024 4192 1081 4244 eius
1094 4192 1166 4245 obitu
1177 4194 1317 4262 contigisse
1327 4194 1395 4245 inter

247 4272 408 4348 chronologos
420 4280 530 4341 constat,
542 4278 619 4347 idque
631 4277 807 4347 Dionysianae
818 4292 894 4331 aerae
906 4293 976 4330 anno
987 4293 1050 4339 ιιι,
1062 4278 1136 4346 cyclo
1147 4278 1210 4331 eolis
1221 4295 1307 4342 xxm,
1317 4278 1395 4329 lunas

247 4376 291 4425 sa,
305 4362 379 4434 Sept.
390 4380 473 4415 rxrrr.
489 4362 555 4415 teria
566 4380 602 4427 ι,
617 4364 692 4416 ittera
703 4363 771 4417 dom.
785 4362 820 4427 G,
836 4363 952 4416 lullanae
967 4361 1067 4432 periodi
1076 4362 1152 4415 ster.
1184 4362 1259 4426 Quod
1274 4363 1297 4415 si
1311 4378 1395 4417 annos

247 4444 295 4500 inde
305 4448 467 4502 subtraxeris
476 4466 541 4512 ιιι,
553 4448 668 4519 reliquus
677 4450 726 4502 erit
733 4448 822 4513 4711,
834 4464 886 4519 quo
894 4464 962 4501 cose.
971 4448 1044 4500 fuere
1052 4447 1177 4501 Lentulus
1185 4454 1213 4500 et
1220 4448 1394 4505 Marcellinus.

248 4528 288 4591 Qui
297 4534 318 4586 si
326 4534 459 4588 bisextilis
467 4532 572 4597 luisset,
584 4550 667 4587 annus
680 4535 713 4587 ab
726 4550 756 4587 oo
766 4552 818 4587 ιιι.
830 4534 938 4604 perinde
948 4534 1081 4586 bisextum
1092 4532 1233 4586 habuisset.
1251 4532 1298 4586 list
1307 4540 1395 4588 eutem

249 4630 311 4671 teras
321 4626 427 4673 nostrae
439 4636 505 4683 ιιι,
523 4635 554 4671 ac
568 4624 629 4691 post
643 4620 790 4674 bisextilem
806 4618 948 4683 secundus;
963 4620 1044 4689 igitur
1055 4623 1176 4672 stannus
1187 4619 1245 4684 ille,
1263 4635 1315 4689 quo
1326 4620 1396 4674 hiar-

249 4703 316 4757 tcllua
331 4712 357 4757 et
371 4704 500 4759 Lenmlus
517 4720 583 4758 coss.
595 4711 680 4771 eraut,
697 4704 827 4759 bisextilis
842 4722 895 4757 non
912 4704 970 4758 luit.
994 4704 1066 4757 Idem
1077 4720 1112 4757 ex
1123 4703 1307 4774 Olympiadem
1317 4711 1345 4759 et
1354 4704 1396 4760 Iu-

249 4785 363 4843 lianornm
379 4806 509 4845 annorum
527 4790 593 4844 seria
608 4790 750 4845 deducitur.
773 4790 840 4843 Nam
857 4806 918 4843 cum
934 4789 1036 4843 lentuli
1051 4796 1079 4843 ct
1089 4790 1232 4844 hiaroefflni
1246 4793 1397 4846 consulatus

250 4866 349 4929 intimus
367 4877 402 4929 sit
421 4892 510 4940 raou,
530 4876 671 4930 Sextorum
688 4892 749 4929 roro
768 4876 877 4931 duorum
895 4876 930 4928 sit
951 4874 1067 4929 lulianus
1084 4892 1151 4939 ιιι,
1175 4876 1296 4948 idemque
1320 4894 1397 4932 aerae
