3650 5642
377 1482 765 1574 cunulssltuo
798 1481 1111 1570 OEHLERO
1144 1477 1269 1568 SUO

749 1685 775 1733 S.
802 1683 831 1732 P.
858 1682 888 1731 1).

554 1814 828 1870 annuunt
848 1811 1079 1871 lamus.

749 2030 901 2044 -

308 2181 384 2246 Quod
401 2183 458 2247 Tu,
484 2179 631 2232 amicissime
649 2181 771 2247 0ehiere,
796 2183 858 2234 mibi
875 2199 954 2250 nuper
972 2179 1082 2231 detulisti
1099 2193 1202 2244 munus,
1228 2185 1256 2228 ut
1273 2175 1397 2246 symbolas

246 2264 325 2317 darem
343 2265 369 2317 iu
387 2266 519 2334 Epiphanii
535 2267 639 2317 Parracis
656 2285 671 2317 a
687 2269 726 2318 Te
743 2267 857 2329 edenda,
883 2265 910 2317 id
928 2283 959 2316 eo
976 2263 1099 2315 lubentius
1116 2261 1229 2331 suscepi,
1248 2261 1316 2330 quod
1336 2261 1398 2329 Epi-

246 2350 347 2416 phanio,
374 2351 411 2401 ati
426 2351 525 2419 reliquis
541 2351 661 2403 ecciesiae
680 2351 792 2403 Graecae
807 2349 985 2419 scriptoribus,
1014 2365 1116 2416 operum
1133 2347 1285 2415 philologum
1306 2345 1398 2399 iudea

246 2434 369 2486 iuventute
384 2453 519 2486 narssaem.
555 2438 609 2498 Qua
626 2435 653 2486 in
671 2453 697 2486 re
715 2435 778 2487 iilud
795 2436 900 2487 maxime
918 2444 1102 2504 spectatarum,
1129 2443 1156 2484 nt
1173 2432 1328 2500 exploratum
1347 2431 1396 2483 hu-

246 2520 333 2589 berem,
351 2519 411 2588 quid
427 2520 464 2570 ilii
480 2539 495 2571 a
511 2521 614 2591 παιδείᾳ
633 2520 752 2591 ἐλληνικῇ
760 2560 767 2585 ,
793 2520 939 2589 praesertim
957 2517 1107 2587 philosopha
1124 2527 1151 2566 et
1167 2514 1322 2584 potissimum
1337 2516 1397 2566 Pia-

246 2606 340 2666 touiua‚
367 2605 393 2655 in
413 2605 542 2656 doctrinae
559 2605 656 2657 ratione
672 2606 747 2674 iuqne
765 2606 878 2659 oratione
895 2603 1000 2656 mutuati
1018 2612 1118 2670 essent,
1135 2611 1225 2668 utque,
1244 2599 1394 2667 comparatis

248 2689 403 2758 scriptorrbus
427 2689 534 2741 classicis
561 2703 586 2741 et
610 2689 797 2753 ecclesiasticis,
828 2689 888 2759 qnid
913 2689 949 2740 iiii
975 2687 1022 2738 sibi
1039 2687 1145 2738 invicem
1170 2685 1232 2736 lucis
1258 2683 1396 2748 adferrent,

248 2776 419 2841 patefacerem.
452 2777 541 2842 Neque
553 2791 612 2826 vero
628 2775 690 2826 haec
706 2775 789 2826 studia
801 2776 903 2826 Patrum
921 2769 1066 2839 &cionitas
1083 2771 1199 2841 operibus
1214 2767 1399 2837 circumscripta

249 2877 298 2910 esse
315 2860 458 2922 colueram,
477 2860 521 2910 sed
540 2861 615 2910 etiarn
632 2861 822 2911 Haeretioornm
840 2859 968 2910 doctrinas
986 2857 1205 2925 perlustraveram,
1228 2871 1302 2924 quum
1320 2853 1399 2924 pleri-

249 2962 292 3012 que
308 2945 406 2995 iliorum
424 2961 455 2994 ex
471 2943 574 2995 Platone
592 2955 618 2994 et
635 2961 666 2994 ex
683 2944 817 2996 Platonicis
840 2944 946 3013 piurima
963 2945 998 2994 itu
1016 2943 1159 3006 hauserint,
1185 2951 1213 2991 ut
1229 2939 1322 3009 piacita
1339 2937 1399 2991 Pla-

249 3029 327 3080 tonica
344 3029 474 3081 doctrinae
493 3010 646 3080 Christianae
664 3047 709 3096 per
725 3029 774 3080 vim
792 3047 822 3081 ac
840 3029 954 3081 fraudem
972 3045 1022 3079 non
1039 3025 1230 3079 accommodare
1246 3019 1335 3090 scium,
1353 3023 1399 3076 sed

251 3114 319 3164 etiam
344 3113 494 3165 substituere
518 3125 675 3166 conarentur.
719 3117 805 3183 itaque
830 3113 995 3182 Epiphaniam
1020 3112 1122 3163 minime
1147 3110 1318 3178 neglexeram
1343 3109 1399 3160 ire-

252 3199 330 3266 quenti
354 3211 439 3250 autem
456 3198 507 3249 eius
525 3217 569 3249 usu
594 3217 779 3267 cognoveram,
805 3198 929 3250 neminem
955 3195 1029 3248 iucile
1046 3197 1196 3266 scriptorum
1221 3205 1335 3246 veterum
1354 3192 1398 3246 iiio

254 3283 429 3351 corruptiorem
448 3299 508 3334 esse.
871 3348 873 3351 Ι

314 3371 358 3419 Est
373 3378 458 3419 antem
475 3369 592 3436 proiecto
610 3367 763 3437 Epiphanius
781 3367 867 3422 iixect
884 3365 983 3438 βρύων,
1008 3365 1082 3435 inque
1100 3383 1131 3418 eo
1149 3363 1305 3434 persecando
1322 3361 1399 3415 hodie

253 3452 322 3503 etism
338 3451 431 3504 criticis
448 3452 579 3519 plurimum
596 3453 686 3521 reliqui
705 3464 744 3504 est
761 3455 863 3505 iactum.
898 3453 963 3503 Nam
981 3451 1075 3503 Petavii
1092 3452 1118 3502 in
1136 3467 1192 3502 eum
1210 3467 1282 3502 curae
1299 3448 1399 3500 criticae

254 3546 318 3588 nuto
339 3538 393 3588 tiro
419 3535 487 3589 haud
511 3554 612 3606 prorsus
636 3537 726 3606 dignae
742 3548 808 3589 sunt.
844 3537 905 3588 Cum
923 3536 989 3588 euim
1006 3536 1098 3588 uriseos
1112 3535 1237 3598 subsidia,
1261 3533 1399 3603 dequibus

254 3623 446 3686 mendicemus,
472 3633 573 3690 praeter
597 3622 677 3685 iliud,
702 3623 771 3692 qnod
787 3623 814 3672 in
838 3621 991 3673 divinatione
1008 3632 1046 3672 est
1063 3621 1187 3689 positum,
1213 3619 1254 3670 vix
1277 3619 1400 3687 adhibuit,

254 3715 300 3758 tum
318 3708 343 3758 iu
360 3725 392 3760 eo
409 3707 499 3759 iustam
512 3707 731 3776 reprehensionem
747 3706 867 3770 incurrit,
885 3706 953 3775 quod
970 3707 996 3757 in
1010 3705 1175 3775 expurgandis
1190 3703 1295 3768 mendis,
1312 3705 1400 3774 quibus

255 3790 326 3843 editio
338 3793 455 3862 princeps
471 3803 560 3857 scatet,
577 3810 643 3845 nova
660 3791 750 3844 menda
766 3791 834 3842 haud
851 3791 912 3842 satis
931 3791 997 3843 eavit
1014 3802 1040 3842 et
1057 3791 1175 3858 genuinas
1192 3789 1257 3841 iliius
1270 3789 1400 3854 lectiones,

255 3875 300 3926 aire
317 3895 374 3939 sna,
401 3878 455 3928 sive
471 3877 657 3947 typothetarum
675 3876 844 3945 negligentia,
868 3893 925 3927 cnm
942 3875 1067 3928 mendosis
1086 3875 1231 3928 commutari
1251 3893 1335 3943 passus
1354 3885 1400 3930 est

257 3961 354 4013 Omnino
370 3962 485 4014 Petarins
500 3961 526 4012 in
544 3961 643 4013 edendo
661 3961 801 4031 Epiphanio
826 3961 905 4029 magis
930 3962 1090 4030 theologum,
1118 3959 1298 4027 chronolognm
1315 3971 1341 4012 et
1357 3978 1400 4012 ar·

257 4043 425 4115 ebseoiognm,
455 4062 529 4116 quam
553 4045 665 4098 criu‘enm
691 4046 750 4116 egit.
792 4047 843 4097 Iam
869 4064 931 4098 vero
950 4045 1049 4098 codices
1066 4045 1257 4113 manuscripti,
1291 4055 1319 4098 ut
1342 4053 1400 4096 aaut

257 4131 350 4183 omnino
367 4131 474 4200 perrari,
498 4132 551 4198 ita,
569 4141 674 4200 excepto
693 4133 792 4182 Veneto
801 4170 809 4198 ‚
835 4131 903 4181 hund
919 4131 955 4182 ita
972 4131 1076 4182 multum
1093 4129 1196 4182 subsidii
1212 4129 1246 4182 ad
1263 4129 1400 4182 emendan-

257 4212 308 4266 dum
325 4216 485 4285 Epiphaniam
503 4216 643 4268 coniurant.
678 4218 735 4285 ipae
750 4225 834 4267 auteur
850 4217 977 4280 Venetus,
1002 4226 1111 4267 ceterum
1128 4231 1228 4266 mancus
1238 4253 1247 4277 ,
1264 4215 1312 4268 etsi
1327 4214 1353 4265 in
1371 4230 1401 4266 ea

257 4301 330 4366 operis
346 4313 433 4369 parte,
459 4317 533 4370 quam
551 4300 742 4369 complectitur,
766 4312 821 4352 tum
836 4299 1088 4369 transpositionibus,
1113 4311 1167 4351 tum
1192 4299 1286 4352 lacunis
1302 4297 1401 4367 egregie

258 4385 362 4438 uedetm
379 4397 404 4438 et
421 4385 532 4454 plurimis
548 4385 611 4437 iocis
628 4385 752 4454 corruptis
769 4387 902 4454 genuinam
913 4385 1015 4437 exhibet
1025 4385 1181 4452 scripturam,
1197 4385 1265 4438 haud
1282 4401 1339 4438 raro
1357 4395 1401 4434 ts-

258 4485 306 4521 neu
321 4490 366 4524 uos
384 4471 507 4523 destituit.
542 4472 598 4533 Quo
615 4470 757 4539 diiigentius
769 4488 929 4541 quaecunque
946 4470 971 4522 iu
991 4469 1117 4521 codicibus
1135 4471 1235 4540 reliquis
1251 4469 1327 4538 inque
1344 4467 1400 4519 edi-

260 4553 318 4607 tione
335 4556 446 4626 principe
470 4555 503 4607 nd
521 4556 593 4607 crisin
621 4555 784 4607 factitandum
808 4556 960 4625 expediunt,
985 4555 1067 4606 excuti
1091 4555 1193 4608 debent.
1226 4555 1315 4623 Neque
1340 4569 1401 4605 euro

261 4641 390 4710 negligendi
410 4652 469 4694 suut
486 4641 620 4710 scriptores
648 4652 701 4691 tum
717 4640 752 4707 ii,
778 4641 913 4710 exquibus
940 4639 1092 4709 Epiphanius
1119 4641 1215 4708 bausit,
1240 4650 1293 4692 tum
1311 4637 1353 4708 qai
1370 4655 1401 4690 ex

261 4721 390 4794 Epiphanio
407 4728 447 4779 rel
464 4745 494 4778 ex
513 4725 657 4779 auctoribus
677 4725 710 4776 ab
727 4743 758 4778 eo
776 4725 917 4794 compilatis
935 4725 1065 4794 decerptas
1081 4724 1215 4794 particulas
1232 4741 1276 4776 sua
1292 4723 1319 4774 in
1335 4723 1400 4775 scr-i-

262 4818 299 4874 pta
314 4813 498 4864 transtulerunt.
537 4813 607 4864 Haec
630 4821 715 4864 autem
731 4809 841 4862 subsidia
864 4811 907 4863 nbi
932 4827 977 4862 nos
1003 4810 1075 4862 simui
1100 4829 1154 4862 cum
1180 4809 1306 4862 codicibus
1326 4825 1401 4862 manu

263 4891 348 4963 suipra
363 4895 496 4964 deficiunt,
513 4915 553 4951 res
567 4897 600 4950 ad
618 4897 786 4952 coniecturam
802 4895 877 4962 redit,
894 4913 944 4965 qna
961 4895 1026 4949 haud
1043 4897 1096 4950 scio
1113 4911 1145 4947 uu
1161 4913 1238 4950 nemo
1249 4895 1401 4967 scriptorum

1141 4982 1198 5050 1*
