3650 5642
415 607 479 664 1v1

415 763 471 818 aori
479 763 657 834 temporibus?
682 760 756 817 Unua
766 779 801 816 οι
811 762 857 827 iia,
869 777 936 832 quoa
947 761 1076 816 recensuit
1085 761 1259 834 Epiphanius,
1269 763 1476 834 autiquiaaimua
1485 762 1579 834 Pytha·

415 863 494 918 pocae
509 848 554 902 diu
569 855 630 919 poet
638 846 937 913 Nabuchodouoaorum,
954 853 1015 901 aute
1025 847 1134 902 Xerxen
1145 845 1246 915 floruit,
1260 865 1355 920 nempe
1366 849 1529 920 Olympiade
1540 867 1580 912 ιι,

416 939 446 989 ut
455 933 587 1004 Diogenea
596 938 715 999 teetatur,
725 932 794 1003 Cyro
804 933 889 988 adhuc
899 933 1047 1004 superstite.

768 1070 814 1124 AD
832 1067 1029 1125 STOIOORUM
1044 1067 1222 1126 HAERESIN.

482 1189 515 1246 N.
527 1210 546 1246 a
562 1191 751 1262 Μεταγγιομοός
761 1209 789 1244 τι
799 1191 906 1262 ψυχῶν]
930 1189 1011 1244 Stoici
1022 1190 1137 1246 animam
1149 1191 1277 1261 putabant
1287 1207 1345 1246 eaae
1356 1205 1532 1263 corpoream,
1548 1191 1584 1244 ri·

416 1276 508 1331 delicet
518 1281 614 1348 πνεῦμα
624 1273 745 1348 ἔνθιρνιον,
762 1282 793 1330 ut
803 1277 993 1346 aitDiogenee,
1010 1276 1120 1348 ideoque
1137 1277 1243 1330 interire
1257 1282 1319 1348 poet
1329 1283 1460 1342 mortem,
1477 1277 1585 1332 metet

415 1361 575 1434 aliquamdiu
584 1363 751 1433 poatohiturn
759 1369 884 1416 maneret.
900 1362 1096 1433 Μειιμψύχωσιν
1105 1377 1166 1416 vero
1176 1361 1323 1418 deieudlaae
1332 1363 1434 1417 Stoicoa
1447 1377 1585 1432 nusquam

415 1465 433 1502 a
443 1465 486 1502 me
496 1449 592 1502 lectum
602 1453 650 1502 eat.
674 1447 709 1502 Iit
723 1447 951 1502 hallucinationem
967 1447 1034 1502 hunc
1048 1464 1105 1502 ecee
1115 1447 1281 1513 crediderim,
1299 1449 1545 1518 quaemadmodum
1561 1451 1585 1500 ct

416 1533 487 1605 quod
501 1534 629 1604 sequitur:
646 1533 821 1588 immortalem
838 1533 961 1588 aStcicia
978 1534 1093 1588 animam
1110 1551 1168 1588 eeae
1185 1534 1363 1588 constitutam.
1389 1533 1469 1597 Quod
1485 1533 1586 1588 ialam

416 1625 465 1674 eat.
480 1619 545 1674 vide
556 1620 593 1674 eie
603 1619 749 1689 Diogenem
760 1624 785 1671 et
795 1617 925 1672 Plutarch.
936 1619 968 1672 de
979 1619 1085 1674 Placitie
1095 1618 1160 1672 Phil.

329 1717 391 1768 pit.
483 1704 515 1758 0l
525 1703 568 1776 pte
579 1703 627 1775 γὰρ
643 1704 718 1756 αὐτὸν
735 1701 846 1774 ἔφασαν]
872 1703 944 1758 Zeno
961 1703 1065 1758 Stoicae
1081 1709 1168 1758 aeetae
1183 1703 1300 1758 conditer
1316 1705 1441 1758 Mnaeeae
1458 1704 1521 1758 aive
1536 1703 1585 1758 De·

417 1808 475 1846 mae
490 1791 520 1844 P.
530 1790 677 1853 Gittienaia,
693 1806 728 1842 ex
744 1789 838 1860 oppido
855 1789 935 1860 (typri
950 1789 1064 1854 ineulae,
1079 1795 1109 1844 ut
1124 1789 1243 1844 Laertioa
1261 1795 1288 1842 et
1298 1789 1393 1844 fluidae
1409 1795 1538 1852 narrant;
1555 1789 1586 1842 de

417 1875 540 1931 Cleanthe
547 1876 627 1945 Tyrio
635 1873 748 1928 tenente
759 1880 831 1944 patre
842 1874 907 1928 nihil
918 1875 1039 1945 comperi.
1057 1873 1222 1944 Quamquam
1233 1874 1287 1928 ecio
1300 1869 1390 1926 ἄνωθεν
1401 1875 1491 1930 iuiaae
1502 1874 1585 1928 Phoe-

417 1962 510 2026 nicem,
522 1961 591 2031 quod
600 1960 725 2014 Gittienae
735 1959 860 2029 oppidum
869 1958 1066 2014 aPhoenicibue
1078 1960 1176 2014 colonia
1187 1959 1381 2030 frequentatum
1391 1959 1484 2014 inerit.
1505 1958 1585 2022 Quiu-

417 2048 497 2100 atiam
507 2047 591 2100 civem
600 2046 675 2099 illum
685 2044 963 2106 condomesticus
976 2042 1000 2096 le
1012 2044 1101 2096 Σιδῶνι
1113 2044 1212 2106 honeste
1223 2049 1299 2100 autor
1310 2049 1350 2098 eet
1361 2044 1495 2100 Laertiua.
1514 2043 1585 2112 Ergo

418 2131 514 2184 (titium
528 2130 598 2184 aliud
612 2131 641 2184 in
651 2128 778 2184 Phoenice
795 2130 926 2200 oppidum.
952 2129 1070 2200 Denique
1081 2130 1214 2184 Zenonem
1224 2129 1369 2184 Poenulum
1381 2131 1415 2184 ob
1427 2129 1454 2184 id
1465 2129 1585 2201 appellat

418 2216 507 2270 Cicero
518 2216 564 2270 lih.
574 2234 610 2270 ιν.
621 2215 714 2270 defin:
740 2215 833 2270 Poetea
847 2226 904 2270 toea
918 2217 962 2270 itte
972 2215 1097 2268 Peccator
1108 2217 1172 2278 (ecta
1183 2219 1248 2270 euim
1260 2215 1372 2270 Gitlueea
1384 2217 1491 2270 clienter
1503 2225 1584 2268 lacae

417 2302 558 2356 Phoeniciu
565 2307 714 2372 projectet).

485 2385 528 2441 Ἐν
544 2366 621 2459 top,
639 2386 666 2440 tl
683 2387 842 2456 βεβιωκέναι]
868 2387 891 2440 Δ
903 2403 955 2458 quo
966 2386 1031 2440 haee
1042 2385 1159 2440 didicerit
1169 2385 1344 2458 Epiphaniua‚
1362 2386 1468 2442 heaaaat
1477 2403 1547 2450 noe,
1561 2385 1584 2438 ai

418 2475 509 2529 dooere
519 2475 651 2528 volutaret.
677 2472 834 2528 Crediderim
844 2450 936 2542 ῥώμην
947 2473 981 2526 ab
992 2489 1023 2528 eo
1034 2489 1082 2543 pro
1093 2472 1169 2526 ltalia
1183 2473 1265 2538 euml,
1280 2478 1307 2526 et
1317 2473 1435 2526 Eleatem
1445 2471 1584 2526 Zenonem

418 2578 479 2616 cum
487 2560 594 2614 Ditionai
602 2559 734 2614 contundi.
750 2557 818 2612 llam
828 2557 938 2624 dubitat,
950 2559 1034 2614 duone
1042 2557 1139 2612 luerint
1150 2559 1227 2612 emho
1239 2558 1292 2624 iati,
1304 2574 1339 2614 au
1350 2575 1418 2612 unua
1430 2557 1583 2614 Stoicorum

418 2652 500 2717 pater.
519 2645 580 2700 Fuit
591 2650 679 2700 autem
689 2644 825 2698 Zenonem
835 2644 901 2698 alter
911 2644 1014 2698 Eleates
1025 2661 1059 2698 οι
1070 2643 1158 2708 ltalia;
1170 2643 1217 2698 eed
1228 2643 1297 2714 quod
1308 2643 1401 2698 umhoe
1412 2643 1477 2700 dicit
1488 2641 1584 2698 emam

418 2730 540 2786 habuieee
552 2729 688 2800 dogmata,
699 2730 763 2784 eatis
775 2746 809 2783 οι
819 2729 937 2800 Diogene
949 2730 1058 2800 aliisque
1069 2729 1201 2783 refellitur.
1631 2707 1632 2797 l

704 2865 749 2920 AD
765 2865 934 2922 meusne
947 2865 1003 2934 vt,
1019 2865 1291 2922 PhATONIOORUhd

487 2987 524 3059 Τῇ
535 2985 773 3059 μετενοωματώσιο]
797 2985 917 3040 Socratae
932 2985 1001 3058 apud
1011 2987 1145 3040 Platonem
1162 2987 1190 3042 in
1200 2985 1339 3042 Phaedone
1351 2985 1383 3040 de
1393 2985 1444 3041 hoc
1455 2985 1582 3058 dogmate
1630 2981 1631 3027 i

418 3074 542 3145 disputat.
567 3073 620 3128 Sed
636 3077 663 3127 et
673 3071 874 3142 Chryeoatcmua
889 3073 1003 3128 llomilie
1013 3072 1033 3126 l.
1050 3073 1078 3126 in
1094 3071 1166 3128 loun.
1178 3073 1293 3126 Pletonie
1310 3071 1434 3142 dogmata
1448 3071 1482 3126 de
1492 3073 1584 3126 anima
1630 3055 1631 3091 ³

418 3160 591 3230 redargutum
603 3163 645 3212 νῦν
657 3157 700 3230 μὶν
712 3157 760 3229 γὰρ
772 3156 847 3228 αὐτὴν
859 3161 901 3225 τῆς
912 3161 956 3212 τοῦ
969 3155 1024 3210 θοοῦ
1036 3176 1107 3228 φησιν
1119 3157 1202 3220 οὐσίας
1214 3151 1333 3212 εἶναινῦν
1345 3155 1373 3210 hl
1381 3156 1460 3218 οὕτως
1469 3155 1582 3228 ἀμέτρως

379 3238 384 3264 ¹
420 3245 569 3316 ιαὶᾶσεβῶς
579 3243 671 3317 ἐπάρας
683 3244 735 3316 μεθ’
746 3241 828 3315 ἐτέρας
840 3243 976 3314 καθυβρίζει
987 3241 1059 3298 πάλιν
1071 3241 1220 3316 ὑπερβολῆς,
1238 3240 1270 3306 εἰς
1286 3241 1386 3314 χοίρους
1402 3241 1443 3296 aei
1454 3237 1528 3306 ὅνους
1540 3238 1582 3304 εἰς·
1629 3295 1630 3302 ,

420 3331 497 3404 ἄγων,
509 3331 550 3388 ael
562 3327 592 3386 rh
600 3328 635 3385 ici
645 3332 740 3385 τούτων
752 3327 955 3402 &centupulcho
1321 3347 1324 3354 ·
1629 3335 1630 3385 l

680 3468 726 3522 AD
742 3465 911 3522 urentem
922 3467 990 3534 vn,
1006 3464 1315 3522 PYTHAGOREORUM.

487 3588 540 3660 llp'o
550 3587 674 3641 δὶτούτοο
681 3586 849 3657 Πυθαγόραο]
867 3587 963 3640 Verum
971 3591 1012 3640 eat
1019 3583 1194 3656 Pythagoram
1202 3586 1310 3642 Platone
1318 3586 1480 3658 euporiorem
1490 3587 1582 3650 iuiaae,

420 3673 453 3727 de
468 3673 645 3744 Peripateticia
661 3672 811 3726 absurdum.
836 3671 907 3736 Quoe
925 3687 1060 3742 perperam
1076 3687 1140 3726 eune
1157 3689 1217 3726 cum
1232 3671 1404 3744 Pythagoreia
1421 3674 1584 3728 commiscet.
1628 3665 1629 3674 ’

420 3758 539 3830 Quinque
556 3759 627 3812 euim
640 3763 726 3812 aeetae
740 3762 938 3823 commeruerat,
953 3757 1113 3824 Stoicorum,
1128 3758 1333 3824 Platonicorum,
1348 3757 1582 3828 Pythagoreorum,

420 3845 476 3900 aire
492 3844 732 3916 Peripateticorum,
747 3847 774 3896 et
788 3843 982 3914 Epicureorum.
1007 3843 1049 3898 Ad
1063 3842 1128 3898 heeo
1143 3843 1325 3914 Peripateticos
1337 3842 1380 3911 τὴν
1392 3843 1582 3916 μετομψύχωοιν

420 3945 600 4002 propugnaaae
610 3929 749 3983 ridiculum
759 3934 806 3994 eat,
817 3934 844 3982 et
853 3927 903 3983 hoc
912 3927 1078 4000 Pythagorae
1088 3929 1243 4000 figmentum
1253 3929 1497 3986 reiicitAriatotelee
1509 3931 1581 3986 lihu
1627 3935 1628 3968 l

420 4016 454 4070 de
463 4015 559 4070 Anima
568 4031 625 4086 cap.
634 4032 674 4070 ιιι.

489 4093 569 4162 Οὗτος
578 4098 606 4154 tt
614 4097 887 4171 τίλνιοςέντῇΜηδίᾳ]
903 4099 1030 4154 lniledia
1039 4099 1235 4172 Phythegoram
1246 4101 1343 4156 ohiieee
1353 4100 1453 4156 nemini
1463 4115 1582 4172 unquam

420 4187 548 4244 auditum.
564 4184 735 4246 Serihendum
746 4183 770 4240 lv
782 4191 811 4256 τῇ
823 4183 925 4256 Ἰταλίᾳ,
950 4186 1070 4240 Mortuua
1086 4187 1158 4242 enim
1172 4191 1213 4240 eet
1223 4187 1251 4242 iu
1261 4187 1361 4258 Magna
1373 4185 1490 4242 Graecia
1516 4185 1581 4246 Vide

420 4273 562 4328 Laeruum.

751 4406 797 4461 AD
816 4405 1058 4463 RPIOUREORUM
1073 4405 1249 4464 meusne.

489 4520 557 4582 Eleu
566 4525 594 4580 tt
601 4523 627 4588 lt
635 4524 766 4598 damme]
782 4528 847 4583 Vide
855 4528 999 4584 Diodorum
1007 4527 1125 4584 Siculum
1132 4529 1200 4587 lihr.
1209 4532 1235 4582 et
1243 4527 1338 4584 Enoch.
1349 4523 1509 4599 llpordpecx.
1520 4527 1579 4584 lihu

490 4611 559 4676 Ἕως
570 4616 615 4666 τοῦ
632 4611 729 4683 Σοροὺχ
739 4612 780 4664 acl
791 4610 891 4685 ’ApApaJ
910 4613 961 4668 Pro
973 4611 1054 4684 ’Aphp
1064 4629 1131 4669 corr.
1143 4611 1216 4682 Oepd.

490 4695 613 4751 Ἐντεῦθεν
624 4697 653 4750 r'o
665 4697 713 4750 πᾶν
724 4697 793 4768 γένος
804 4703 848 4750 τοῦ
866 4697 986 4770 Ἰσραήλ]
1004 4698 1063 4752 Nou
1073 4704 1128 4752 tam
1138 4703 1213 4752 vetue
1225 4703 1267 4752 eet
1276 4698 1430 4754 Iudaeorum
1441 4699 1579 4771 appellatio

423 4801 471 4856 pro
487 4784 608 4838 unirereo
624 4783 799 4838 Iaraehtmm
815 4799 923 4854 genere,
946 4789 976 4838 ut
991 4783 1121 4838 Daridicie
1142 4785 1301 4856 temporihua
1319 4801 1442 4858 ueurpare
1458 4787 1579 4856 coeperit.

389 4889 392 4892 ·
423 4869 493 4928 Auli
501 4868 642 4944 loaephum
651 4870 697 4925 lib.
706 4887 742 4928 ιι.
753 4866 824 4940 ’App
836 4885 891 4941 cap.
900 4888 925 4926 v.
947 4867 1102 4940 Ἐκλνίθησαν
1114 4867 1142 4924 dl
1153 4869 1181 4924 rh
1194 4863 1273 4944 ὄνομα
1284 4867 1309 4934 lt
1320 4863 1349 4938 ἧς
1359 4869 1450 4944 ἡμέρας
1461 4868 1578 4940 ἀνέβησαν
