3650 5642
437 584 501 645 VIII

438 741 570 814 conditum
580 741 686 812 Moyses
697 739 820 796 affirmes.
835 731 941 796 rm
951 739 1034 796 dssm
1047 739 1141 796 Gener.
1151 759 1183 807 s,
1199 757 1229 798 rr.
1245 741 1331 811 gentis
1343 755 1440 798 nomeu
1453 757 1527 807 esse,
1543 757 1592 794 uos

437 828 487 882 riri
496 828 630 898 proprium
641 827 795 880 existiment
805 825 864 891 slii;
874 827 971 896 quibus
982 826 1091 882 libenter
1102 826 1306 896 moscripserim
1326 827 1379 882 Sed
1389 827 1453 882 lisso
1463 827 1592 882 mulium

438 927 469 965 sc
480 911 708 982 chronologisrnm
718 912 830 982 psginss
840 912 966 982 implent,
977 927 1025 966 nec
1036 918 1098 966 sunt
1108 912 1226 982 pluribus
1237 911 1286 966 lroc
1297 912 1355 966 loco
1366 912 1544 984 disseptsndm

506 997 601 1050 'loires
612 996 628 1064 ἡ
640 996 750 1066 βασιλεία
760 994 785 1048 lv
798 994 895 1068 'Opim
911 997 961 1052 Pro
974 993 1069 1067 Ἀρφθιλ
1081 1014 1143 1052 sus.
1160 995 1262 1068 Ἀρχθδ,
1273 997 1383 1052 Ηοθηοί
1395 1002 1473 1060 Ἶβιθ.

505 1081 584 1144 Κτίζει
595 1081 622 1136 il
633 1081 674 1134 eei
685 1081 728 1149 τὴν
739 1080 844 1153 eripis]
873 1082 967 1136 Nescio
980 1081 1048 1136 unde
1059 1081 1123 1136 hoec
1135 1083 1284 1153 expiscatus
1296 1083 1342 1147 sit,
1354 1098 1420 1152 quse
1431 1083 1461 1136 in
1472 1081 1594 1138 Genesi

437 1167 483 1222 illo
495 1168 579 1238 sepite
590 1185 644 1222 non
654 1168 785 1238 leguntur.
804 1167 856 1222 Ubi
866 1168 917 1222 hoo
928 1167 1055 1222 dnntsxst
1067 1167 1188 1222 hebetnrz
1205 1168 1362 1238 Principium
1370 1169 1447 1238 regni
1455 1165 1596 1222 Nemlrroth

436 1253 519 1306 inisse
530 1252 701 1324 Bsbylonem,
712 1253 753 1305 sol
764 1251 850 1325 Ὀρὲχ,
862 1253 903 1306 sol
911 1251 1015 1324 Ἀρχθδ,
1027 1252 1067 1306 ssi
1078 1250 1190 1319 Χαλθννη
1202 1254 1231 1306 in
1241 1259 1310 1308 terrs
1320 1253 1447 1310 Seunusr.
1464 1252 1541 1308 Unde
1552 1253 1595 1304 As

438 1355 484 1391 sur
495 1355 616 1408 egressus
634 1337 781 1410 ᾠκοδόμησε
798 1338 841 1406 τὴν
858 1337 950 1406 Nesoi,
969 1338 1009 1390 sul
1026 1337 1070 1406 τὴν
1082 1337 1202 1408 Ῥοωβὼθ
1220 1338 1300 1409 πόλιν,
1318 1339 1358 1392 rel
1373 1338 1417 1406 τὴν
1428 1337 1526 1392 reth
1550 1337 1596 1391 Pro

438 1421 558 1492 Ῥοωβὼθ
568 1422 639 1476 aiio
647 1423 773 1478 lisbrsice
781 1425 908 1495 scriptum
916 1431 956 1478 est
964 1430 1021 1490 W
1031 1431 1127 1488 nrm,
1138 1423 1208 1494 quod
1216 1425 1388 1494 Hieronymus
1395 1425 1487 1478 vertit:
1495 1425 1598 1494 placeas

439 1512 564 1576 οθοίοοείο,
580 1515 675 1582 etque
692 1509 847 1580 eppellstiro
867 1507 972 1573 imore,
990 1509 1059 1580 quod
1072 1508 1163 1564 Grseci
1178 1510 1311 1580 proprium
1326 1509 1449 1564 iecerunt.
1474 1509 1598 1577 iutelligit

438 1600 527 1648 sutem
537 1595 609 1648 urbis
620 1593 726 1648 Ninires
741 1596 856 1666 pluteos,
873 1609 939 1664 quse
955 1593 1040 1650 Ninus
1056 1596 1208 1660 extruxerit.
1236 1595 1274 1648 De
1285 1593 1429 1666 Epiphsnio
1441 1595 1505 1666 qnid
1516 1595 1598 1648 dicum

437 1679 510 1732 slind
521 1681 632 1734 occurrit
642 1679 714 1746 nibil,
725 1681 777 1734 nisi
788 1697 865 1734 rocos
876 1681 950 1744 ntes,
962 1677 1047 1752 θειρὰς
1058 1687 1085 1733 et
1096 1679 1185 1749 θθβολ,
1198 1680 1311 1734 elienum
1322 1679 1350 1734 in
1360 1681 1448 1734 locum
1459 1681 1597 1734 mulsos

438 1781 505 1819 esse.
520 1765 588 1820 Nem
599 1764 691 1820 Thines
703 1772 730 1819 et
739 1765 842 1820 Thubsl
852 1766 921 1820 inter
932 1763 1049 1836 lsphetlri
1059 1771 1178 1836 posteros
1189 1771 1358 1820 numerentur
1368 1765 1471 1820 comi.
1494 1765 1598 1826 necat,

438 1861 463 1904 ct
472 1851 591 1921 Mosocl,
603 1862 627 1904 ec
641 1851 742 1904 Tle'ras.
769 1850 899 1905 Fortassis
911 1851 1052 1904 enimcum
1064 1851 1176 1920 Regma,
1188 1849 1334 1906 Sebstsclm
1345 1852 1508 1921 caeterisque
1525 1866 1598 1921 quos

438 1936 499 1990 dem
510 1937 575 1990 elios
586 1937 717 1990 recensuit
725 1935 899 2007 Iipiphsnius‚
910 1941 938 1990 et
948 1937 1015 1990 inter
1025 1937 1085 1990 illos
1096 1934 1198 1990 Thubel
1210 1943 1236 1990 et
1246 1935 1346 1990 Thirm.
1371 1935 1429 1990 Nisi
1438 1934 1506 1990 lmeo
1517 1937 1599 1990 conio

437 2027 512 2074 otnre
521 2021 631 2092 plscest,
641 2039 689 2092 pro
700 2017 793 2092 θειρὼς,
805 2029 833 2076 et
840 2020 931 2091 Θθβιλ,
942 2037 973 2074 so
985 2021 1064 2091 Λόβος
1076 2023 1180 2092 proprie
1191 2021 1294 2076 urbium
1305 2021 1408 2076 illerum
1419 2022 1532 2076 nomine
1541 2022 1598 2074 sule

437 2106 570 2160 stituends
585 2112 658 2174 sunt,
675 2123 741 2177 quse
751 2107 835 2162 Assur
849 2107 1005 2160 sediiicsrit
1031 2106 1106 2162 Certe
1123 2107 1151 2160 iu
1162 2107 1243 2176 Λόβος
1254 2107 1394 2177 vestigium
1408 2106 1543 2177 quoddem
1559 2122 1599 2175 sp

437 2197 514 2263 peret
522 2191 643 2246 rocsbuli
653 2189 787 2261 Ῥοωβὼθ,
801 2193 866 2246 etin
876 2190 968 2246 Thirss
980 2193 1052 2246 vocis
1064 2199 1130 2258 W,
1140 2208 1208 2263 pneo
1219 2193 1350 2248 ciriteum
1361 2191 1502 2262 significet
1530 2191 1598 2246 Unde

438 2277 477 2331 its
486 2276 621 2348 deprsrsri
631 2293 684 2332 rex
694 2278 747 2331 ists
756 2278 842 2348 potuit
852 2275 1021 2348 Ῥοωβωθίρο.

506 2361 544 2414 Οὐ
556 2361 620 2414 πολὺ
633 2361 661 2414 δὲ
671 2357 788 2430 illidium
800 2367 837 2434 τῷ
849 2364 936 2433 χρόνῳ
948 2363 1117 2434 iustissumo]
1144 2362 1342 2418 Bechienorum
1353 2379 1401 2416 rex
1411 2363 1468 2428 ille,
1488 2378 1599 2433 quocum

437 2445 522 2534 iiiuus
533 2445 659 2504 conflixit.
685 2447 813 2518 Oxyurtes
824 2465 842 2501 s
851 2447 965 2502 Diodoro
977 2453 1095 2514 rosetum
1113 2448 1254 2514 elnstino,
1265 2448 1379 2502 Arnobio
1391 2465 1420 2502 so
1432 2449 1544 2502 coeteris
1554 2448 1599 2500 Ze

365 2548 414 2600 ot
438 2538 547 2588 roestes.
569 2533 660 2604 Neque
671 2533 792 2586 dissentit
801 2533 914 2599 Plinius,
930 2539 960 2586 nt
976 2533 1108 2603 Scsligero
1121 2533 1229 2588 ridetur.
1253 2533 1344 2604 Neque
1355 2535 1425 2588 enirn
1436 2533 1543 2588 dubitet
1552 2535 1600 2597 ille,

438 2619 506 2672 sitne
523 2633 616 2688 mogus
632 2617 702 2671 idem
713 2634 774 2672 cum
785 2633 846 2688 rege
856 2617 1009 2684 Boedinus,
1025 2619 1071 2672 sed
1088 2624 1177 2674 utrm
1192 2635 1261 2674 nnus
1277 2617 1319 2674 hic
1334 2619 1426 2684 luerit,
1443 2635 1477 2672 sn
1493 2619 1600 2674 stulius

438 2709 543 2775 postes,
559 2702 629 2774 qnod
643 2701 765 2757 Seliunns
782 2708 871 2756 noster
885 2709 955 2758 recte
971 2703 999 2758 in
1009 2705 1156 2758 Ammius
1171 2705 1359 2758 snimsdrertit
1385 2703 1538 2758 Veniseims
1548 2705 1601 2758 lir-
1626 2745 1627 2754 ,

361 2793 371 2806 “
438 2805 532 2860 gerum
543 2789 614 2842 notio
627 2787 791 2842 zoroastrem
801 2789 877 2842 illum
887 2789 1098 2859 antiquissimum
1113 2795 1199 2860 putat,
1216 2794 1306 2860 utpote
1322 2789 1368 2859 qni
1378 2789 1523 2844 mensum
1534 2789 1600 2844 exci-

438 2873 510 2928 dium
519 2874 633 2944 qninque
641 2889 771 2928 annornm
778 2873 885 2928 milibus
894 2875 1070 2941 antecesserit.
1080 2881 1111 2930 ut
1117 2875 1216 2928 Plinius
1225 2881 1252 2928 et
1259 2873 1387 2930 Plutsroln
1398 2875 1484 2928 'lrsct
1493 2875 1529 2928 de
1537 2873 1601 2928 lside

438 2964 575 3014 tesmmnr.
591 2958 669 3030 Apud
678 2958 812 3012 Lsertinm
821 2956 946 3012 Xunthns
956 2959 1054 3029 Lydius
1066 2961 1197 3014 sexcentis
1209 2960 1338 3014 duntexet
1345 2960 1421 3014 snnis
1432 2965 1493 3040 epte
1505 2959 1601 3016 Xerxis

440 3042 549 3114 δίθβοοιν
566 3045 686 3100 extitisse
702 3043 859 3098 Zoroastren
875 3050 1014 3100 useererst
1048 3044 1122 3100 Unde
1137 3046 1231 3100 merito
1248 3045 1335 3117 plures
1352 3043 1469 3100 eiusdem
1487 3045 1602 3100 nominis

437 3129 520 3184 tuisse
536 3130 683 3202 suspicetur
699 3129 824 3200 Scaliger.

507 3213 556 3268 Tot
565 3214 662 3288 Σιροὼχ
670 3213 854 3287 θρμοοιοθμονον
866 3212 1012 3288 θροθισμθν.]
1030 3215 1124 3272 Verise
1135 3220 1198 3270 sunl
1208 3215 1277 3288 opud
1287 3214 1461 3287 Epiphaniam
1471 3215 1601 3270 Hebrus-

438 3318 498 3356 rum
508 3302 645 3356 nominum
655 3302 770 3372 origines
781 3307 808 3356 st
817 3301 1043 3373 interpretationes
1054 3302 1150 3373 psrtim
1161 3303 1297 3367 obscures,
1308 3301 1403 3372 purtim
1414 3301 1600 3356 subsbsurdne

439 3389 522 3442 Mults
538 3388 609 3442 enim
619 3388 661 3442 rel
678 3387 859 3442 eruditissimis
874 3404 921 3457 per
932 3388 1133 3460 imprudentium
1144 3387 1276 3442 excidunt
1301 3385 1392 3456 Neque
1402 3391 1545 3458 propiores
1554 3387 1601 3442 lis·

439 3472 547 3526 breismi
556 3473 607 3526 init
616 3473 752 3544 imperitus
759 3471 929 3542 Epiphanius,
941 3490 1019 3542 qoem
1029 3471 1152 3538 Grsecse,
1164 3472 1254 3543 Syros,
1265 3471 1406 3538 liebreese,
1416 3471 1600 3544 Aegyptium,

439 3561 467 3608 et
483 3571 517 3610 ex
532 3563 606 3626 perte
620 3557 730 3612 Lstinse
745 3557 853 3626 lingue
868 3557 995 3610 scientem
1011 3557 1093 3612 inisse
1109 3557 1246 3612 confirmet
1255 3557 1361 3613 Hieron.
1375 3557 1451 3628 Apol.
1463 3574 1494 3614 rr.
1511 3563 1601 3614 centn

439 3639 522 3705 Ruti,
538 3657 616 3710 quem
632 3647 725 3710 argute
739 3641 883 3710 bilinguem
899 3642 1030 3707 nominet,
1047 3641 1116 3712 quod
1135 3641 1232 3698 Grsecs
1243 3641 1385 3712 Lotineqne
1399 3647 1497 3698 nosset
1534 3643 1601 3696 lnter

438 3723 519 3780 irlsss
536 3725 723 3796 origissdonss
739 3724 805 3778 hoec
819 3725 879 3795 ipss
888 3726 1009 3780 roosbuli
1021 3726 1106 3796 serug
1116 3725 1293 3798 interpretatio
1305 3744 1322 3781 s
1333 3726 1476 3782 (lslrinists
1486 3729 1600 3798 quodem

438 3809 569 3880 profertur
578 3825 640 3864 cnm
650 3810 752 3880 sliquot
766 3810 837 3874 uliis3
852 3817 884 3864 ut
899 3827 960 3866 cnm
976 3817 1090 3866 ceemros
1101 3810 1190 3866 Petres
1202 3814 1296 3868 erroris
1307 3811 1377 3866 hund
1388 3817 1509 3883 expertes
1520 3814 1601 3867 inisse

439 3893 558 3964 colliget,
569 3900 626 3950 tum
636 3895 679 3950 rel
688 3895 816 3966 imprimis
827 3895 1002 3966 Epiphanium
1013 3897 1040 3952 lu
1051 3897 1211 3968 explicandis
1222 3897 1370 3952 nominibus
1381 3897 1526 3952 sberrssse.
1549 3897 1601 3952 Noe

440 3979 471 4032 de
482 3979 601 4050 reliquis,
618 3996 685 4052 quse
695 3979 784 4035 iuhoo
795 3981 919 4052 scriptore
930 3986 1016 4047 notet,
1034 3983 1146 4053 spsrsim
1162 3999 1194 4038 so
1210 3999 1258 4038 suo
1275 3984 1333 4038 loco
1343 3981 1500 4039 ridebimus.
1528 3982 1601 4048 Quod

439 4064 473 4120 ed
482 4080 606 4136 prseseus
617 4066 773 4120 vocobulum
783 4071 898 4138 spectet,
915 4067 983 4121 mule
994 4067 1028 4122 eb
1039 4067 1184 4140 Epiphsuio
1195 4073 1271 4140 putet
1283 4067 1375 4139 σεροθχ
1384 4065 1510 4140 lpsiropis
1521 4069 1599 4122 verti:

439 4167 499 4204 cnm
507 4151 544 4204 its
551 4150 716 4206 scribendum
725 4153 762 4206 sit
770 4151 821 4206 lroc
831 4167 936 4218 nomen,
947 4151 1044 4222 οιροθγ,
1057 4158 1084 4206 et
1089 4158 1268 4224 propapr'osrr,
1279 4169 1333 4208 non
1341 4153 1512 4208 irritetionem
1520 4153 1600 4223 signi·

439 4236 507 4290 licet
534 4235 606 4290 lineo
621 4236 674 4292 ille.
696 4237 793 4292 Verum
804 4237 933 4308 purgsndi
946 4235 996 4292 hoo
1010 4237 1114 4308 quidem
1127 4239 1185 4294 loco
1196 4237 1427 4310 Epiphsniiiscilis
1435 4238 1600 4308 estetexpli-

440 4328 500 4376 cete
509 4322 585 4378 rstio.
601 4319 718 4375 Primum
725 4321 796 4375 euim
804 4319 903 4392 οεροὼχ,
912 4339 966 4376 non
974 4323 1062 4394 οιροθγ
1071 4323 1348 4390 scribeudnmilliluit,
1360 4323 1514 4394 cumpriore
1522 4322 1598 4378 modo

441 4424 496 4461 m
506 4407 676 4479 conceperint
702 4406 737 4459 Et
746 4405 804 4460 fieri
814 4412 912 4477 potest,
924 4413 955 4460 ut
964 4407 1090 4464 ldebrsioe
1101 4425 1205 4480 quoqne
1216 4410 1309 4466 ssltsm
1319 4409 1420 4479 aliquot
1429 4409 1458 4462 in
1468 4409 1599 4480 exemplo·

442 4491 512 4546 ribos
524 4498 620 4556 man)
629 4508 684 4546 nou
695 4497 782 4554 irum
793 4490 890 4546 lectum
900 4492 946 4546 sit:
964 4508 998 4546 ex
1015 4509 1066 4564 qno
1084 4492 1181 4550 (ireece
1197 4494 1288 4565 οφοῠχ
1303 4493 1438 4548 ediderunt
1448 4511 1511 4548 ux.
1533 4493 1598 4547 Nem

443 4583 526 4648 nper
536 4579 719 4650 llplerumqne
730 4575 803 4630 reddi
812 4577 892 4632 solet:
902 4582 934 4632 ut
943 4577 971 4630 in
983 4583 1063 4640 'wrm
1076 4584 1102 4632 et
1112 4581 1176 4644 nn,
1188 4577 1297 4632 Nuclor
1307 4585 1335 4633 et
1346 4579 1434 4634 Glom.
1462 4577 1598 4649 Utcunque

441 4679 502 4718 rero
513 4663 640 4734 scriptum
649 4662 777 4728 extiterit,
792 4667 879 4734 potest
891 4661 1030 4716 commode
1045 4664 1133 4734 sliqus
1148 4664 1360 4736 interprststione
1375 4661 1519 4737 Epiphsnii
1529 4665 1597 4735 glos·

442 4747 635 4804 remedelendi
662 4747 793 4820 Imprimis
804 4752 876 4810 wil
881 4749 1031 4818 perplures
1047 4765 1100 4800 sssc
1115 4753 1193 4818 utque
1209 4752 1357 4804 turicorum
1371 4748 1517 4820 significet,
1531 4747 1596 4802 unde

442 4840 527 4900 rrum
533 4853 661 4906 prapaes,
672 4850 726 4890 non
733 4839 830 4898 uram,
840 4839 871 4886 ut
878 4831 1036 4890 celrmirtso
1044 4833 1149 4904 placuit
1167 4833 1595 4908 Qumeperpersmetipsesepo'op,
