3650 5642
421 594 548 653 contu

420 767 523 815 manae,
533 750 698 806 ammoniam
708 748 856 820 parridum
867 749 896 805 in
905 749 1023 821 Aprilem
1032 749 1233 815 summoverint,
1245 748 1317 807 uuila
1326 748 1380 807 alia
1390 764 1480 806 οιιιιιι
1491 749 1571 805 exue

422 852 501 908 quam
518 836 587 907 qood
603 836 826 905 decimaequertae
842 836 961 899 lunuee,
983 850 1049 905 quae
1066 840 1122 891 ιιιιι
1138 835 1165 888 io
1182 835 1305 891 Martium
1321 834 1469 900 imunuat,
1488 834 1571 904 aequi·

420 922 535 976 noctium
546 925 720 985 antevortunt,
737 920 847 990 ideoque
864 920 897 974 ad
913 920 1108 985 duodecimum,
1125 936 1178 977 aon
1194 919 1229 975 ad
1245 920 1357 991 primum
1374 936 1505 983 menon,
1521 935 1572 989 per·

420 1007 516 1070 tinem,
526 1012 556 1059 ot
565 1006 632 1059 inter
643 1014 759 1061 emtores
769 1005 901 1061 Proteriua
909 1004 1101 1061 Alexandrinue
1112 1006 1140 1061 ia
1151 1020 1183 1061 ea
1194 1006 1304 1076 epietote
1314 1004 1391 1061 decet
1402 1020 1480 1075 quam
1490 1004 1523 1059 de
1532 1019 1572 1074 pe

421 1090 509 1145 ecbate
518 1091 607 1144 scribit
614 1090 647 1143 ad
655 1091 803 1145 &Leonem
810 1106 914 1161 papam
932 1088 1032 1160 Quippe
1043 1090 1117 1159 cyclo
1127 1107 1181 1147 ιιι.
1190 1091 1254 1145 iuna
1264 1089 1459 1161 decimaquarta
1465 1088 1573 1145 Nicaeae

421 1176 723 1246 coutigitbiartiirvm,
738 1177 811 1245 cyclo
824 1192 953 1231 veroum.
970 1175 1059 1230 Martii
1069 1192 1125 1231 arr.
1159 1174 1245 1239 Quare
1262 1191 1321 1229 enm
1338 1180 1400 1231 ante
1416 1176 1573 1231 neaeman

420 1261 498 1331 primi
513 1262 623 1326 menan,
640 1262 695 1315 circ
705 1260 827 1331 ιριῶνος,
845 1261 991 1326 incurrant,
1008 1260 1144 1331 porteriori
1154 1260 1233 1325 Adur,
1248 1277 1303 1317 nou
1317 1259 1413 1325 Nimn,
1429 1258 1573 1315 tribuendae

421 1352 491 1401 eunt
524 1346 635 1401 Proinde
650 1345 787 1416 patchelea
801 1346 954 1401 neomeniae
971 1346 1102 1415 cyclorum
1116 1346 1226 1401 ictorum
1237 1346 1265 1401 iu
1276 1346 1390 1415 Aprilem
1401 1346 1573 1402 coniiciuntur.

420 1432 455 1485 et
465 1448 500 1485 ex
507 1431 686 1501 Scaligeriano
698 1431 828 1501 dogmate,
839 1430 932 1485 iiedem
943 1431 994 1485 illia
1006 1430 1107 1485 duobue
1119 1431 1209 1500 cyclis,
1219 1430 1573 1500 ludaeorumdeoimquerta

421 1533 488 1587 quae
497 1517 528 1570 in
537 1518 662 1572 Mettium
672 1517 774 1582 incidit,
785 1532 875 1571 rerera
885 1522 926 1571 eat
936 1517 1022 1571 ultimi
1032 1516 1143 1581 mentia,
1158 1516 1213 1571 eiua
1224 1514 1301 1579 Adar,
1317 1531 1373 1573 nou
1388 1516 1475 1586 primu
1507 1515 1574 1573 licat

421 1602 491 1656 enim
502 1603 694 1671 aequinoctium
705 1602 845 1655 erminum
856 1618 909 1655 non
920 1600 1067 1665 antecedet,
1077 1600 1125 1655 eod
1136 1618 1196 1657 eum
1205 1601 1291 1671 potiue
1300 1608 1423 1666 moruus,
1435 1608 1522 1657 umen
1532 1617 1573 1669 pe-

420 1687 489 1741 litice
501 1687 570 1741 Adur
581 1688 706 1741 attributa
716 1687 776 1751 init,
791 1686 855 1741 adeo
867 1693 897 1739 ιι
907 1684 1038 1756 paachalie
1049 1702 1103 1741 nou
1115 1692 1192 1741 auct
1226 1686 1283 1741 Hoc
1294 1686 1364 1741 enim
1375 1686 1403 1739 in
1413 1685 1523 1741 dhtniba
1534 1684 1573 1739 ille

421 1772 587 1842 depastione
598 1772 708 1836 domini,
726 1788 786 1825 cum
802 1771 834 1825 de
850 1770 955 1825 ludaico
970 1786 1038 1827 anuo
1050 1776 1136 1825 uetere
1152 1769 1337 1835 deareruimue,
1355 1786 1388 1825 ex
1403 1769 1523 1833 Philone,
1538 1769 1573 1821 lo-

421 1856 513 1927 eepbo,
525 1857 672 1911 Aristobulo
684 1857 794 1926 aliisque
808 1856 962 1911 ludaeorum
973 1855 1159 1925 autiqudeeimie
1176 1855 1349 1919 ostendimur,
1365 1854 1493 1911 decimam
1505 1869 1573 1924 qnar-

422 1948 476 1997 tenr
487 1942 581 2007 Nieen,
596 1943 652 1995 eice
663 1941 811 2011 parobalam
822 1941 967 2005 Iudaicam,
983 1942 1087 1995 illorum
1099 1945 1183 1995 aetate
1194 1940 1222 1993 in
1231 1941 1289 2010 ipao
1301 1940 1460 2010 aequiuoob'i
1471 1940 1523 2003 die,
1534 1947 1573 1989 aut

422 2028 456 2080 ab
466 2044 498 2081 eo
509 2028 629 2098 proximo
640 2028 794 2081 collocatam
805 2026 899 2091 iuieae,
911 2043 995 2096 neque
1007 2042 1123 2096 unquam
1135 2026 1318 2089 mavortem
1335 2024 1404 2095 quod
1421 2024 1491 2095 apud
1501 2024 1572 2079 uere

423 2113 494 2167 bium
505 2112 640 2183 perepicuo
650 2112 788 2167 Anubim
799 2112 904 2167 indicat.
933 2110 1107 2175 Quamobrem
1119 2111 1153 2175 ei,
1165 2116 1195 2167 ut
1206 2110 1573 2181 Smligeropareueeiuaimnu
1609 2158 1610 2161 ,

336 2241 342 2253 .
377 2212 396 2253 r.
421 2204 473 2262 eat,
485 2196 643 2268 Galippiceru
655 2197 789 2267 periodum
806 2203 832 2249 et
847 2198 880 2251 ab
896 2214 927 2251 eo
942 2196 1129 2267 praescriptam
1139 2195 1238 2251 lunaria
1250 2210 1281 2251 ae
1293 2195 1385 2251 colaria
1396 2195 1461 2251 tani
1470 2193 1571 2249 ienuam

420 2282 536 2352 amplexi
546 2288 608 2336 aunt
619 2282 719 2347 ludaei,
736 2284 860 2353 quoniam
876 2280 1011 2352 adalippo
1028 2281 1170 2337 solstitium
1186 2280 1326 2344 aeetiuum,
1342 2286 1371 2333 ut
1385 2280 1454 2335 idem
1464 2278 1572 2345 Scaliger

422 2368 509 2432 docet,
521 2369 691 2423 comtitutum
701 2374 741 2421 eet
752 2368 820 2423 lunii
831 2386 921 2433 uera,
939 2384 972 2421 ex
984 2383 1016 2421 ee
1027 2367 1126 2421 retione
1137 2382 1247 2421 vernum
1257 2365 1464 2435 aequinoctium,
1482 2362 1572 2417 airola·

421 2454 458 2507 ria
469 2454 615 2507 anomaliae
626 2453 753 2509 rationem
762 2453 916 2517 habeamur,
929 2453 1050 2507 convenit
1060 2453 1088 2507 in
1099 2452 1186 2507 Martii
1195 2468 1275 2513 aaut,
1286 2449 1335 2506 iou
1347 2456 1388 2505 eat
1398 2449 1489 2505 diebua
1499 2449 1572 2501 terma

422 2554 539 2603 ccum,
554 2538 626 2591 heria
638 2557 684 2591 ιιι
700 2544 760 2609 poet
771 2539 921 2593 eoletitium.
956 2538 1009 2591 dut
1019 2544 1048 2591 ut
1058 2536 1167 2591 ludneoo
1180 2536 1360 2592 exiotimeutue
1372 2534 1526 2604 quidrantee
1536 2531 1572 2585 lu·

420 2624 504 2677 lianoe
521 2624 650 2677 duntaxat
667 2624 829 2687 obeerraeee,
852 2640 885 2677 ac
902 2640 948 2693 per
965 2622 1073 2677 totidem
1089 2619 1227 2691 Tekuphae
1245 2618 1429 2690 quaeritatum
1447 2616 1571 2687 Soeigenit

421 2725 519 2761 annum
527 2724 586 2761 eaee
593 2709 716 2778 partitor,
727 2714 788 2778 poet
796 2708 923 2761 lulianam
932 2708 1085 2772 editionem,
1097 2708 1125 2761 iu
1136 2707 1224 2761 Martii
1233 2722 1326 2761 rarrrr.
1339 2704 1409 2761 idern
1417 2704 1483 2761 iilud
1494 2701 1571 2772 aequi·

421 2793 536 2845 noctium
545 2792 693 2861 quadrabit,
703 2792 795 2846 diebua
804 2794 1001 2862 postaeetiuum
1011 2793 1150 2847 eolatitium
1160 2806 1293 2855 οιιιιιιι,
1304 2789 1375 2845 buria
1385 2808 1455 2853 ιιι,
1465 2788 1506 2843 eu
1522 2786 1570 2851 Quo

422 2877 526 2945 quidem
537 2876 578 2929 die
589 2877 722 2947 Galippica
733 2877 818 2931 torma
834 2876 950 2931 defixum
966 2878 1123 2947 aequinoctii
1138 2876 1270 2931 cardlnem
1284 2880 1408 2946 perpetuo
1424 2874 1526 2937 retinet,
1539 2874 1572 2925 ita

421 2962 534 3015 utnulla
544 2961 716 3032 cpotprreor;
727 2968 804 3031 atque
815 2963 845 3015 in
855 2963 986 3017 anteriore
996 2964 1107 3017 reoeaeto
1119 2962 1266 3030 contingat,
1278 2960 1382 3015 temetsi
1393 2974 1483 3015 reuera
1494 2956 1571 3027 aequi

421 3048 539 3101 noctium
549 3048 659 3101 coelecta
670 3048 798 3117 paulatim
808 3046 969 3117 Celippicam
981 3046 1105 3118 epocham
1116 3048 1246 3116 relinquat
1257 3062 1287 3101 eo
1300 3060 1427 3099 annorum
1438 3043 1571 3101 nendo,

421 3132 491 3203 qupd
503 3150 537 3186 ex
547 3134 640 3203 tropici
651 3134 713 3187 enni
724 3133 874 3187 delinitione
884 3133 988 3203 pendet.
1021 3132 1106 3196 Quare
1117 3132 1232 3187 Anatolii
1245 3130 1364 3193 amenio,
1379 3127 1506 3199 daerente
1520 3142 1569 3181 oum

422 3219 537 3271 maxime
548 3217 679 3289 paschatis
691 3220 877 3281 controuersia,
893 3218 1008 3271 medium
1025 3217 1218 3287 aequinoctium
1229 3215 1341 3269 aifixum
1352 3220 1392 3268 eat
1403 3233 1439 3271 ιι.
1447 3214 1504 3271 uat
1511 3214 1571 3282 epe

422 3305 476 3357 eive
485 3303 573 3357 Martii
581 3322 646 3358 ιιιι.
668 3304 811 3359 Nicacnunr
820 3322 880 3357 uero
891 3304 1029 3357 concilium
1040 3303 1068 3355 in
1079 3321 1126 3356 arr.
1136 3302 1202 3366 Kal,
1213 3300 1262 3353 hoc
1274 3306 1314 3353 eet
1325 3317 1379 3353 ιιι.
1388 3300 1487 3363 Martii,
1498 3306 1570 3351 nuno·

420 3389 487 3443 tulit.
521 3387 578 3452 Quo
596 3405 630 3441 ex
647 3393 762 3457 tempore
779 3390 868 3442 citima
885 3388 1022 3441 neomenia
1038 3384 1166 3457 paschalia
1181 3385 1265 3439 haesit
1281 3386 1307 3439 iu
1319 3402 1376 3439 rur.
1391 3382 1448 3438 Iiid,
1465 3382 1569 3441 Martius·

423 3475 468 3542 qui
479 3479 519 3526 eat
529 3488 611 3542 aeque
621 3474 720 3525 meneia
733 3479 851 3536 octavae,
867 3474 957 3525 citime
968 3489 1028 3525 uero
1041 3471 1232 3542 quartadecima
1244 3471 1270 3524 iu
1282 3488 1346 3535 ιιι,
1361 3470 1416 3522 aire
1427 3469 1483 3539 ipae
1494 3466 1570 3536 aequi·

422 3559 503 3611 noctii
514 3558 563 3612 die.
585 3559 620 3611 At
630 3557 784 3613 ludaeorum
799 3558 888 3611 citima
901 3556 1033 3626 peechuiie
1050 3557 1199 3621 neomenia,
1216 3556 1251 3621 el,
1267 3562 1297 3609 ut
1307 3554 1426 3623 Scaliger
1436 3554 1569 3611 ubitam,

422 3640 583 3710 Galippicum
599 3642 661 3696 unni
677 3642 784 3695 modum
801 3642 885 3696 tribue
906 3646 968 3695 ante
985 3641 1116 3697 Obrietunu
1135 3641 1189 3697 iere
1209 3640 1321 3695 eaeculie
1342 3640 1530 3711 ueurparerint,
1547 3636 1570 3689 iu

421 3725 510 3781 Martii
520 3742 578 3781 xrrr.
587 3726 628 3779 die
640 3726 783 3779 conatiterit
794 3732 907 3795 oportet;
920 3726 992 3783 cuiue
1002 3727 1231 3795 decimaquartaiu
1239 3726 1326 3796 ipram
1335 3725 1417 3781 civilia
1427 3718 1570 3795 aequinoctii

423 3808 548 3879 cebppici
559 3811 697 3865 terminum
709 3810 824 3875 caderet,
840 3828 935 3879 nempe
951 3812 979 3865 in
996 3830 1067 3866 ruer.
1076 3812 1171 3867 Martii
1205 3810 1247 3865 Ex
1258 3828 1309 3881 quo
1320 3810 1420 3865 tactum
1431 3816 1473 3863 eat
1483 3813 1511 3863 ιι
1519 3822 1569 3861 ιιι

422 3895 496 3963 cyclo
507 3892 621 3949 Niceeno
633 3890 696 3959 mxl,
714 3895 759 3965 qui
770 3900 827 3949 erat
835 3895 956 3951 Iudaicus
968 3914 1031 3961 rvr,
1043 3897 1181 3951 neomenia
1192 3894 1324 3965 Oulippica
1335 3894 1432 3956 ciuilia,
1447 3894 1529 3947 Martii
1538 3908 1568 3944 rr.

423 3984 587 4049 competeret,
599 3979 791 4051 decimaquarta
799 3997 860 4034 uero
869 3981 993 4035 uicesimo
1005 3982 1127 4045 secundo,
1139 3986 1199 4037 aute
1208 3978 1369 4051 Oaiippicum
1380 3978 1569 4049 aequinoctium,

423 4065 540 4134 adeoque
550 4066 649 4119 meneie
660 4067 709 4121 iate
719 4066 789 4119 Adur
800 4071 884 4130 eeaet,
900 4065 982 4119 Nisae
993 4066 1113 4122 Iudaicus
1124 4065 1289 4121 neomeniam
1299 4062 1419 4121 habuerit
1429 4064 1457 4119 in
1468 4080 1521 4119 rur.
1531 4060 1568 4115 cir·

423 4152 487 4205 citer
497 4149 606 4220 Aprilis,
621 4157 690 4205 certe
701 4152 729 4204 in
740 4151 863 4205 Martium
874 4150 1010 4205 convenire
1021 4151 1129 4205 ndoime
1140 4150 1260 4220 potuerit.
1293 4148 1368 4213 Quod
1378 4146 1449 4203 idem
1459 4156 1486 4203 et
1496 4148 1525 4201 de
1534 4160 1568 4213 cp·

424 4238 465 4291 clo
477 4252 532 4291 ιιιι.
544 4234 594 4287 dici
605 4250 711 4289 neceeae
722 4242 770 4290 eet.
794 4235 850 4299 Quo
863 4240 994 4299 comente,
1006 4250 1036 4289 ec
1047 4234 1151 4289 Iudaico
1161 4254 1194 4298 r,
1206 4234 1342 4289 neomenia
1353 4232 1486 4305 Oulippira
1495 4228 1568 4287 Martii

423 4322 523 4377 menete
538 4319 638 4387 decimo
656 4320 697 4373 die
714 4321 831 4389 contigit.
866 4320 979 4390 Ideoque
990 4319 1071 4375 Nieen
1085 4320 1113 4373 iu
1127 4336 1226 4374 nouum
1236 4319 1331 4389 Apriiie
1342 4317 1512 4375 emouendos
1521 4314 1567 4369 rut

424 4408 538 4477 Apparet
554 4421 615 4474 ergo
634 4405 669 4469 ei,
687 4404 756 4474 quod
770 4406 888 4474 Scaliger
904 4405 1029 4469 deieudit,
1047 4404 1205 4474 Calippicam
1218 4403 1351 4473 periodum
1362 4402 1445 4457 tribua
1457 4402 1507 4455 iere
1517 4402 1566 4452 cub

425 4490 555 4545 Christum
566 4490 676 4545 caeculie
693 4490 813 4554 ascitam,
830 4490 938 4545 totidem
953 4490 1007 4543 iere
1022 4496 1082 4560 poet
1093 4490 1208 4545 eiusdem
1220 4489 1368 4558 puscionem
1379 4486 1525 4543 rennuerint
1533 4483 1566 4535 lu·
1611 4504 1612 4553 p

424 4575 494 4640 daci,
512 4576 611 4632 nullam
626 4576 654 4629 in
668 4575 771 4627 illorum
783 4576 920 4630 neomenia
932 4573 1104 4645 cpoiparoco
1115 4574 1250 4637 incidisse,
1266 4589 1297 4625 eo
1313 4578 1415 4627 tantum
1432 4573 1528 4632 abesae,
1543 4570 1565 4617 nt

424 4660 527 4715 iliorum
539 4660 655 4717 decimae
666 4665 773 4729 quartae
784 4658 919 4729 paechadm
930 4659 1123 4729 aequinoctium
1136 4658 1332 4723 anteverteret,
1348 4664 1379 4711 ut
1392 4657 1478 4727 ipeauu
1493 4653 1563 4725 polilt

425 4746 617 4814 aequinoctium
629 4741 690 4797 eard
701 4744 836 4813 apoipquce
847 4744 963 4813 τροπικὸν
981 4746 1014 4797 eb
1031 4744 1082 4797 illie
1099 4744 1244 4807 receaeerit,
1261 4758 1328 4812 quae
1341 4740 1404 4795 aeri
1415 4739 1563 4811 pcrtprtuet

424 4828 618 4901 aequinoctium
628 4829 754 4899 paulatim
766 4827 903 4897 quatriduo
915 4834 1030 4883 meretoc
1041 4829 1101 4884 sint.
1119 4827 1159 4885 lta
1170 4828 1341 4885 tabieeimum
1352 4835 1391 4881 eet
1404 4826 1475 4897 cyclo
1486 4840 1532 4879 ιιι.
1543 4824 1563 4873 et
