3650 5642
1292 632 1373 689 CXLI

208 788 368 842 neomeniae
378 788 482 841 lunares
494 788 522 841 in
534 804 570 840 rr.
578 786 639 841 lolii
650 792 678 840 et
687 804 733 843 vu.
743 786 847 841 Octobr.
858 786 1021 852 incidissent,
1039 802 1106 857 quae
1118 792 1158 840 eet
1169 786 1318 859 Olympicus
1330 804 1374 857 pe·

208 872 272 926 riodi
280 879 364 926 vetus
373 871 484 943 epocha,
497 888 532 925 ex
540 872 643 943 Oalippi
652 873 810 943 praescripto
822 872 958 943 periodum
972 877 1141 926 retexuerunt
1155 888 1303 943 novamque
1314 890 1374 927 oon·

208 958 331 1011 diderunt
343 958 378 1011 ab
390 974 459 1012 anno
470 957 517 1011 illo
527 957 627 1027 periodi
637 956 686 1012 lul.
696 957 782 1023 uon,
792 958 867 1011 cuius
878 956 1005 1029 epocham
1015 956 1154 1013 emOctbr.
1166 957 1206 1011 die
1218 958 1373 1013 defixerunt.

208 1043 292 1106 Quare
300 1043 463 1098 Macedonas
470 1043 674 1113 liypmbcretael
681 1048 737 1096 tam
744 1042 877 1114 popularia
886 1058 966 1113 quam
977 1043 1076 1097 lunaris
1087 1043 1252 1097 neomeniam
1263 1062 1308 1099 vu.
1318 1044 1374 1099 Oct.

208 1128 376 1183 neboaruna
393 1130 457 1183 Ideo
468 1130 565 1181 acturis
576 1134 640 1181 anai
648 1128 942 1199 Syrmaaccdeua'ca'fiua'a
952 1133 980 1181 a'n
993 1128 1107 1183 Octobris
1115 1146 1150 1184 rr.
1162 1131 1266 1193 inciditr
1279 1146 1374 1183 curura·

208 1234 251 1283 pue
268 1233 359 1267 caasa
370 1216 509 1286 populon'a
523 1232 651 1284 uunquam
666 1215 784 1283 hosfiaca
799 1214 980 1269 oeteeertebot.
1004 1214 1074 1267 Haec
1085 1213 1203 1285 Scaliger
1215 1214 1256 1285 (de
1266 1214 1374 1269 Emaud.

209 1300 298 1370 Temp.
309 1318 357 1365 ιι,
367 1318 395 1370 p.
403 1300 445 1354 91.
456 1299 490 1353 ci
501 1316 527 1365 v,
538 1316 563 1369 p.
573 1298 654 1369 saal,
666 1301 712 1370 qui
722 1301 859 1370 antiquum
869 1298 934 1352 illud
945 1315 1023 1353 suum
1035 1299 1155 1353 obtinens
1166 1300 1183 1353 l.
1192 1318 1217 1353 r.
1228 1298 1278 1354 hoc
1287 1300 1375 1371 ipsum

209 1387 307 1438 evertit
341 1384 441 1439 Scribit
451 1386 521 1438 enim
532 1385 654 1437 ultimum
664 1386 758 1438 solaris
769 1385 834 1438 enni
843 1384 1074 1455 Syromacadonioi
1084 1384 1152 1439 diem
1163 1384 1245 1439 inisse
1256 1384 1375 1440 Octobris

210 1490 266 1533 nn,
283 1487 317 1523 eo
333 1471 407 1540 quod
418 1470 642 1541 llyperberetaeus
652 1470 837 1523 Macedonicus
847 1471 875 1523 in
886 1488 912 1523 a.
922 1469 981 1523 iulii
990 1470 1132 1525 incidisset.
1154 1471 1245 1541 ltaque
1262 1472 1375 1541 primum

210 1557 376 1610 novilunium
388 1555 506 1609 Octobris
518 1574 575 1609 vin.
587 1557 714 1625 congruit.
748 1556 801 1608 Sed
815 1556 933 1626 imperite
948 1556 1035 1609 iacere
1046 1556 1167 1620 ludaeos,
1184 1556 1230 1626 qui
1245 1572 1314 1610 anno
1329 1556 1375 1610 illo
1401 1586 1421 1625 p.
1432 1574 1475 1617 res.

212 1658 227 1692 a
241 1642 433 1694 Macedonibus
450 1646 556 1711 accepto
571 1641 684 1710 primum
699 1642 862 1695 novilunium
878 1646 957 1711 etque
976 1641 1038 1694 anni
1054 1641 1095 1694 sui
1112 1641 1255 1711 aequabilis
1272 1642 1376 1695 initium

213 1726 266 1796 ipso
279 1727 322 1779 dia
333 1744 393 1780 ern.
404 1725 522 1779 Octobris
535 1727 701 1779 constituant
718 1726 797 1780 Vides
809 1743 887 1796 qnam
898 1726 1022 1796 perplexe
1034 1726 1061 1779 in
1073 1724 1122 1779 bac
1133 1726 1250 1779 doctrina
1259 1732 1376 1780 venetur

213 1811 339 1881 Scaliger,
357 1817 439 1881 utque
453 1811 480 1864 in
493 1811 583 1864 eodem
595 1828 673 1882 opere
684 1828 751 1881 quae
761 1813 840 1882 paulo
852 1819 912 1864 ante
924 1810 1059 1865 definierat
1070 1812 1204 1865 conuariis
1216 1811 1324 1865 decretis
1336 1828 1375 1866 re·

214 1896 291 1949 fellat
313 1896 386 1950 Nam
397 1898 475 1950 modo
486 1897 638 1951 neomenias
649 1897 794 1967 aequabilis
805 1903 832 1949 ot
841 1896 975 1967 popularis
986 1897 1049 1950 anni
1059 1902 1173 1949 retorem
1184 1896 1211 1949 in
1223 1898 1303 1951 situm
1315 1914 1375 1951 cou-

215 1982 325 2047 ciliatua,
341 1981 395 2035 boc
411 1988 453 2035 est
466 1999 483 2033 a
493 1998 521 2035 x.
530 1981 589 2035 Iulii
599 1982 633 2035 ad
643 2000 695 2046 ιι,
712 1988 740 2035 et
750 1983 784 2035 ab
796 1999 853 2036 sarr.
865 1982 898 2035 ad
909 2000 955 2037 vrr.
967 1982 1022 2035 Oct.
1033 1982 1165 2035 traductas
1177 1982 1282 2047 asserit,
1297 1982 1374 2037 mode

216 2068 302 2121 iisdem
312 2070 342 2121 in
354 2067 447 2121 diebus
462 2068 570 2132 retinet,
587 2084 618 2119 ac
633 2084 722 2121 secum
737 2066 901 2121 disconvenit
917 2066 1005 2120 ordine
1020 2073 1082 2121 toto.
1117 2067 1192 2131 Quod
1204 2067 1308 2137 quidam
1318 2074 1375 2123 coco

218 2152 261 2205 hoo
272 2154 300 2206 in
312 2170 404 2224 opere,
419 2160 447 2205 et
457 2154 485 2206 in
496 2152 566 2222 laag.
575 2153 686 2217 Canon,
698 2153 806 2206 solenne
817 2152 917 2207 bomini
928 2168 958 2205 ac
970 2158 1121 2223 perpetuum
1132 2160 1184 2217 est;
1195 2153 1272 2223 idque
1283 2170 1376 2224 propa·

219 2238 295 2303 dem,
306 2240 336 2292 si
347 2238 470 2291 dominus
483 2238 593 2301 dederit,
609 2254 658 2291 auo
669 2254 700 2290 ac
711 2239 816 2309 proprio
826 2239 894 2293 libro
906 2238 1154 2303 demonstrabimus,
1171 2254 1250 2308 quem
1264 2239 1318 2292 iam
1330 2238 1376 2291 do-

220 2322 276 2376 dum
285 2326 313 2377 in
324 2324 449 2377 manibus
461 2322 596 2377 hammus.
629 2323 715 2393 Atque
731 2322 785 2387 bio,
801 2324 841 2376 uti
855 2340 945 2393 spero,
961 2324 1050 2377 lectori
1062 2322 1140 2377 iidem
1153 2323 1244 2388 iaciat,
1261 2340 1328 2394 quae
1344 2324 1376 2377 de

220 2408 330 2462 doctrina
339 2416 490 2479 temporum
505 2425 523 2460 a
537 2408 672 2478 Scaligero
689 2410 837 2479 excogitata
852 2413 977 2478 mutoque
993 2409 1093 2461 ambitu
1108 2424 1139 2461 ac
1155 2424 1252 2479 pompa
1268 2425 1329 2462 cum
1342 2410 1375 2462 ab

221 2494 273 2562 ipso
282 2495 477 2559 commendata,
491 2499 548 2547 tum
564 2492 697 2547 iaumrum
712 2500 740 2547 et
754 2493 940 2548 admiratorem
953 2495 1008 2547 eius
1019 2494 1115 2564 plausu
1127 2498 1238 2564 excepta
1254 2500 1327 2559 sunt,
1345 2510 1377 2547 aa

222 2578 292 2643 iales,
307 2581 412 2651 inepta,
430 2576 568 2648 ἀλογίστως
585 2587 612 2631 at
629 2576 808 2639 ἀναποδείκτως
825 2578 909 2633 effusa
926 2596 996 2645 essa,
1016 2594 1101 2649 nequa
1118 2580 1259 2649 quicquam
1275 2585 1377 2649 praeter

224 2667 328 2733 speeiem
339 2672 368 2720 et
379 2666 579 2719 ostentationem
586 2664 690 2718 habere.
707 2666 869 2735 Argumento
881 2665 917 2718 sit
924 2666 1009 2719 Attica
1019 2665 1065 2717 illa
1075 2664 1208 2735 periodus,
1221 2681 1301 2735 quam
1312 2664 1376 2719 adeo

224 2750 328 2818 gloriose
338 2756 367 2805 et
377 2752 521 2805 insolenter
529 2750 659 2815 uenditat;
674 2751 749 2803 cuius
759 2768 809 2803 nos
820 2750 944 2820 ineptiam
956 2758 982 2803 et
993 2748 1180 2821 παραλογισμὴν
1192 2750 1338 2804 deteximus
1349 2750 1377 2803 iu

225 2836 286 2887 notis
296 2837 329 2890 ad
338 2836 521 2891 Themistiom.
554 2836 665 2906 Reliqua
680 2837 752 2907 operi
766 2836 804 2889 illi
818 2852 982 2889 reservamus
998 2836 1026 2889 in
1042 2852 1094 2907 quo
1111 2842 1138 2889 et
1149 2836 1180 2889 de
1191 2834 1295 2889 ludaico
1307 2852 1376 2889 anno

225 2920 333 2987 pluribus
345 2922 528 2993 disputabitur,
545 2930 571 2975 et
580 2922 626 2975 illa
638 2922 730 2976 Graeci
741 2922 803 2975 anni
813 2922 899 2975 forma
909 2938 941 2975 ao
952 2922 1050 2993 periodi
1062 2922 1229 2992 Olympiacae
1240 2921 1376 2992 descriptio

226 3005 354 3060 refelletur.
376 3008 457 3079 arqui
470 3007 533 3061 ficto
549 3007 595 3060 illo
606 3008 742 3076 utriusqus
752 3012 877 3060 contextu
887 3008 960 3060 velut
970 3007 1140 3061 fundamento
1152 3008 1237 3061 omnis
1249 3006 1280 3061 de
1291 3014 1377 3061 vetere

228 3104 287 3143 anno
295 3092 400 3147 ludaico
408 3092 525 3146 docmina
533 3092 670 3145 stabilitur.
686 3092 754 3156 Non,
764 3093 880 3161 inquam,
891 3092 996 3145 aliunde
1005 3092 1139 3162 Scaligero
1148 3097 1259 3155 constat,
1267 3092 1377 3146 ludaeos

227 3175 314 3245 aliquot
322 3176 522 3232 antechristum
531 3178 642 3231 uwuba
651 3176 778 3247 apocham
786 3177 849 3231 anni
857 3177 906 3240 aui,
915 3176 1135 3247 sieeTehnpham,
1146 3177 1201 3232 Oct.
1208 3194 1253 3232 en.
1263 3177 1377 3231 defixam

229 3257 351 3329 babuisse,
368 3278 447 3334 quam
464 3262 535 3334 quod
551 3280 585 3315 ex
601 3262 701 3333 periodi
717 3262 832 3315 Graecae
847 3262 980 3331 popularia
997 3278 1028 3315 ac
1040 3262 1225 3315 Macedonicae
1241 3262 1377 3316 ratiocinio

230 3354 325 3412 quartus
337 3350 436 3403 mensis
447 3349 582 3419 popularia
594 3349 623 3401 iu
638 3348 714 3401 illum
725 3347 793 3400 diem
804 3346 929 3399 incideret
940 3363 971 3401 eo
982 3362 1064 3411 anuo,
1076 3364 1128 3417 qno
1143 3346 1378 3417 Syromaoadcuioa

231 3432 338 3496 periodus
351 3440 393 3488 eat
406 3435 536 3489 institam.
570 3433 622 3487 Sed
639 3450 699 3487 cum
714 3432 799 3486 multa
809 3432 900 3485 sintin
910 3438 968 3485 tota
978 3430 1027 3485 bac
1039 3432 1166 3502 Scaligeri
1177 3433 1299 3503 opinione
1316 3449 1377 3487 con·

230 3514 337 3584 tutanda,
352 3536 435 3590 eaque
447 3536 490 3573 rea
505 3520 652 3589 longiorem
668 3534 699 3572 ac
715 3518 881 3590 praecipuam
892 3518 1096 3588 disputationem
1111 3518 1201 3587 erigat
1215 3522 1253 3583 et,
1270 3524 1300 3571 ut
1314 3518 1377 3586 dixi,

232 3598 293 3653 brari
308 3610 476 3659 consecutura
491 3606 538 3673 ait,
554 3622 615 3670 nos,
630 3604 701 3675 qued
713 3605 743 3657 in
758 3604 825 3657 libro
835 3604 881 3657 illo
893 3602 1118 3667 demonstrabitur,
1134 3602 1229 3657 falsam
1244 3620 1301 3659 cese
1315 3606 1378 3660 anni

232 3683 292 3739 illius
303 3688 393 3745 (isaaci
401 3706 434 3743 ac
445 3690 607 3745 htaoedouici
617 3696 774 3744 structuram
784 3688 970 3759 pertendimus.
996 3688 1130 3759 Negamus
1141 3696 1275 3756 constare,
1289 3696 1378 3745 utrum

233 3783 291 3825 anno
301 3774 344 3829 illo
354 3792 408 3847 per.
417 3775 546 3830 luliioi.
558 3776 690 3847 popularia
699 3781 726 3829 et
733 3774 878 3845 meabilis
885 3773 1125 3844 duromaoedonnm
1133 3776 1232 3829 mensis
1240 3776 1268 3829 in
1277 3794 1321 3831 vn.
1331 3782 1379 3830 aut

234 3858 337 3913 annoti,
344 3860 488 3915 incurrerit
501 3860 634 3931 Negamus
642 3858 893 3932 praeterealudaeoa
901 3860 1033 3914 cardinem
1040 3860 1115 3915 illum
1124 3861 1187 3914 unni
1195 3861 1287 3915 solaris
1296 3876 1378 3931 agno·

233 3939 304 4008 visse,
315 3947 397 4001 autin
406 3963 439 4000 eo
449 3946 591 4000 collocasse
602 3946 762 4017 Tekupham.
782 3944 916 4016 Negamus
928 3962 1028 3999 mnam
1038 3946 1107 4016 apud
1119 3945 1232 4001 Graecos
1243 3952 1288 4000 ant
1299 3946 1377 4017 Syro-

235 4029 372 4085 moelem
383 4032 536 4104 popularem
547 4033 674 4085 eiusmodi
684 4032 778 4096 foisse,
790 4033 894 4101 qualem
906 4048 940 4085 ex
952 4030 1058 4085 officina
1068 4047 1117 4084 aua
1126 4032 1246 4101 procudit
1253 4032 1377 4103 Scaliger.

236 4106 294 4164 intro
301 4118 382 4187 magia
390 4124 417 4172 et
426 4118 455 4172 in
463 4134 551 4172 arcem
558 4118 642 4187 ipsam
652 4118 811 4188 quaestionis
821 4118 918 4171 incolo.
936 4116 1009 4186 Nego
1022 4121 1120 4169 certum
1131 4132 1202 4181 ease,
1214 4134 1278 4171 num
1289 4117 1378 4171 ludaei

237 4190 878 4272 eelippioalllalunar'iralSyromacedonicatorma
886 4218 1003 4272 unquam
1011 4202 1052 4253 usi
1060 4200 1163 4255 fuerint
1180 4202 1237 4267 Quo
1248 4203 1376 4257 labefacto

238 4291 262 4330 ¹⁶
273 4286 382 4342 nenne
393 4294 495 4343 caetera
505 4304 572 4359 quaa
582 4288 643 4341 huic
653 4288 799 4341 innituntur
810 4293 932 4341 corruant
942 4302 1049 4343 nemeae
1061 4292 1108 4340 aet
1130 4288 1233 4342 Etenim
1245 4289 1376 4341 undenam

238 4360 353 4438 &tigano
361 4379 525 4445 compertum
535 4374 692 4427 estludacoa
699 4374 818 4427 lunarem
826 4372 929 4443 Oalippi
936 4372 1071 4443 periodum
1078 4372 1105 4427 in
1115 4374 1217 4427 civilem
1226 4390 1304 4427 usum
1312 4374 1377 4427 asci-

240 4448 311 4506 'iffli
331 4458 427 4530 Opino‘r
441 4476 525 4513 unum
534 4460 599 4513 illud
609 4464 792 4530 mgomootum
804 4464 857 4524 cat,
873 4456 944 4529 quod
955 4458 1031 4511 annis
1044 4458 1200 4513 Graecorum
1211 4464 1265 4513 tam
1276 4458 1377 4513 ltacoa

240 4530 346 4596 immun
354 4546 425 4609 libri,
437 4562 517 4616 quam
524 4543 650 4616 Iosephus
658 4560 689 4598 ac
697 4543 791 4615 reliqui
797 4544 961 4597 Iudaicarum
969 4558 1054 4597 rerum
1066 4544 1203 4615 scriptores
1214 4544 1256 4597 uei
1266 4544 1327 4597 siut.
1343 4545 1378 4599 At

242 4620 289 4683 Ob
298 4641 329 4680 ex
339 4644 368 4683 ao
374 4631 522 4685 necesaria
531 4632 638 4701 colligat
645 4630 708 4683 anni
716 4630 913 4700 dispositionem
924 4629 1008 4699 ipsam
1016 4628 1124 4683 ludaeos
1134 4634 1289 4699 usurpasse?
1305 4630 1379 4685 Licet

242 4704 299 4761 ΕΜ
307 4727 390 4770 mam
399 4717 455 4771 aive
466 4716 592 4787 epocham
601 4716 688 4787 ipsam
698 4731 730 4769 ac
738 4716 856 4781 titulum,
867 4714 936 4769 unde
947 4714 1040 4769 Oraeci
1048 4730 1176 4769 annornm
1185 4730 1291 4769 suorum
1299 4717 1378 4787 prim·

244 4789 303 4844 “⁶1¹
315 4803 473 4870 repetebant,
489 4800 654 4856 adhibuerint
668 4801 770 4867 ludaei,
788 4816 848 4856 cum
865 4800 1024 4855 Graecorum
1040 4817 1081 4855 res
1097 4806 1198 4871 gastae,
1214 4802 1257 4855 uel
1271 4818 1379 4857 auorum

245 4884 292 4928 ‘⁰¹¹²
302 4879 400 4944 Graecia
409 4888 556 4960 implicatae
567 4888 768 4959 perscriberent,
782 4886 863 4943 nilide
873 4893 963 4941 tamon
974 4887 1069 4942 certius
1081 4886 1169 4956 colligi
1178 4894 1265 4958 potest
1275 4888 1378 4943 filorum
