<?xml version="1.0" encoding="UTF-8"?>
<!DOCTYPE html PUBLIC "-//W3C//DTD XHTML 1.0 Transitional//EN"
    "http://www.w3.org/TR/xhtml1/DTD/xhtml1-transitional.dtd">
<html xmlns="http://www.w3.org/1999/xhtml" xml:lang="en" lang="en">
 <head>
  <title>
</title>
<meta http-equiv="Content-Type" content="text/html;charset=utf-8" />
  <meta name='ocr-system' content='tesseract 3.04.00' />
  <meta name='ocr-capabilities' content='ocr_page ocr_carea ocr_par ocr_line ocrx_word'/>
</head>
<body>
  <div class='ocr_page' id='page_1' title='image "./sepiphaniiepisc00epipgoog/sepiphaniiepisc00epipgoog_0351.png"; bbox 0 0 3650 5642; ppageno 0'>
   <div class='ocr_carea' id='block_1_1' title="bbox 1222 637 1406 694">
    <p class='ocr_par' dir='ltr' id='par_1_1' title="bbox 1222 637 1406 694">
     <span class='ocr_line' id='line_1_1' title="bbox 1222 637 1406 694; baseline 0.005 -1"><span class='ocrx_word' id='word_1_1' title='bbox 1222 637 1406 694; x_wconf 76' lang='lat' dir='ltr'>cccxxxix</span> 
     </span>
    </p>
   </div>
   <div class='ocr_carea' id='block_1_2' title="bbox 243 809 1408 1899">
    <p class='ocr_par' dir='ltr' id='par_1_2' title="bbox 243 809 1408 1899">
     <span class='ocr_line' id='line_1_2' title="bbox 243 809 1406 881; baseline 0.001 -18"><span class='ocrx_word' id='word_1_2' title='bbox 243 810 380 864; x_wconf 77' lang='lat' dir='ltr'>llerorliani</span> <span class='ocrx_word' id='word_1_3' title='bbox 392 811 515 864; x_wconf 80' lang='lat' dir='ltr'>haeretiei</span> <span class='ocrx_word' id='word_1_4' title='bbox 533 826 549 863; x_wconf 86' lang='lat' dir='ltr'>a</span> <span class='ocrx_word' id='word_1_5' title='bbox 567 827 618 880; x_wconf 90' lang='lat' dir='ltr'>quo</span> <span class='ocrx_word' id='word_1_6' title='bbox 632 809 735 863; x_wconf 79' lang='lat' dir='ltr'>llerorle</span> <span class='ocrx_word' id='word_1_7' title='bbox 746 810 802 862; x_wconf 84' lang='lat' dir='ltr'>ine·</span> <span class='ocrx_word' id='word_1_8' title='bbox 855 809 976 863; x_wconf 85' lang='lat' dir='ltr'>Indorum</span> <span class='ocrx_word' id='word_1_9' title='bbox 988 825 1086 862; x_wconf 88' lang='lat' dir='ltr'>nemen</span> <span class='ocrx_word' id='word_1_10' title='bbox 1100 809 1132 862; x_wconf 81' lang='lat' dir='ltr'>ae</span> <span class='ocrx_word' id='word_1_11' title='bbox 1146 809 1284 864; x_wconf 78' lang='lat' dir='ltr'>orientales</span> <span class='ocrx_word' id='word_1_12' title='bbox 1296 811 1406 881; x_wconf 88' lang='lat' dir='ltr'>populos</span> 
     </span>
     <span class='ocr_line' id='line_1_3' title="bbox 273 894 1406 950; baseline 0.002 -2"><span class='ocrx_word' id='word_1_13' title='bbox 273 903 333 949; x_wconf 88' lang='lat' dir='ltr'>runt</span> <span class='ocrx_word' id='word_1_14' title='bbox 351 897 481 950; x_wconf 87' lang='lat' dir='ltr'>nominati</span> <span class='ocrx_word' id='word_1_15' title='bbox 760 894 801 949; x_wconf 98' lang='grc'>38.</span> <span class='ocrx_word' id='word_1_16' title='bbox 886 895 1039 949; x_wconf 75' lang='lat' dir='ltr'>remotiores</span> <span class='ocrx_word' id='word_1_17' title='bbox 1057 895 1161 949; x_wconf 83' lang='lat' dir='ltr'>extendi</span> <span class='ocrx_word' id='word_1_18' title='bbox 1364 895 1406 950; x_wconf 95' lang='grc'><strong>60.</strong></span> 
     </span>
     <span class='ocr_line' id='line_1_4' title="bbox 243 979 1408 1050; baseline 0.001 -18"><span class='ocrx_word' id='word_1_19' title='bbox 243 981 415 1034; x_wconf 84' lang='lat' dir='ltr'>ilistoriarum</span> <span class='ocrx_word' id='word_1_20' title='bbox 432 981 551 1050; x_wconf 85' lang='lat' dir='ltr'>superine</span> <span class='ocrx_word' id='word_1_21' title='bbox 564 980 745 1050; x_wconf 83' lang='lat' dir='ltr'>expositarum</span> <span class='ocrx_word' id='word_1_22' title='bbox 761 996 801 1033; x_wconf 87' lang='lat' dir='ltr'>re·</span> <span class='ocrx_word' id='word_1_23' title='bbox 852 979 973 1033; x_wconf 83' lang='lat' dir='ltr'>indorum</span> <span class='ocrx_word' id='word_1_24' title='bbox 986 986 1074 1033; x_wconf 86' lang='lat' dir='ltr'>sectae</span> <span class='ocrx_word' id='word_1_25' title='bbox 1086 995 1153 1050; x_wconf 87' lang='lat' dir='ltr'>qnae</span> <span class='ocrx_word' id='word_1_26' title='bbox 1164 979 1261 1034; x_wconf 87' lang='lat' dir='ltr'>inerint</span> <span class='ocrx_word' id='word_1_27' title='bbox 1271 981 1408 1050; x_wconf 87' lang='lat' dir='ltr'>praecipue</span> 
     </span>
     <span class='ocr_line' id='line_1_5' title="bbox 276 1063 1406 1120; baseline 0.001 -2"><span class='ocrx_word' id='word_1_28' title='bbox 276 1067 373 1120; x_wconf 72' lang='lat' dir='ltr'>inutic</span> <span class='ocrx_word' id='word_1_29' title='bbox 390 1066 515 1119; x_wconf 82' lang='lat' dir='ltr'>historica</span> <span class='ocrx_word' id='word_1_30' title='bbox 741 1063 801 1119; x_wconf 91' lang='grc'><strong>310.</strong></span> <span class='ocrx_word' id='word_1_31' title='bbox 1347 1063 1406 1120; x_wconf 86' lang='grc'><strong>838.</strong></span> 
     </span>
     <span class='ocr_line' id='line_1_6' title="bbox 243 1149 1407 1221; baseline 0.002 -19"><span class='ocrx_word' id='word_1_32' title='bbox 243 1151 433 1204; x_wconf 84' lang='lat' dir='ltr'>llomeritarnm</span> <span class='ocrx_word' id='word_1_33' title='bbox 459 1153 533 1221; x_wconf 78' lang='lat' dir='ltr'>regio</span> <span class='ocrx_word' id='word_1_34' title='bbox 565 1151 611 1204; x_wconf 90' lang='lat' dir='ltr'>nbi</span> <span class='ocrx_word' id='word_1_35' title='bbox 643 1151 705 1213; x_wconf 85' lang='lat' dir='ltr'>sits,</span> <span class='ocrx_word' id='word_1_36' title='bbox 737 1149 801 1202; x_wconf 87' lang='lat' dir='ltr'>item</span> <span class='ocrx_word' id='word_1_37' title='bbox 852 1149 996 1203; x_wconf 90' lang='lat' dir='ltr'>innocentii</span> <span class='ocrx_word' id='word_1_38' title='bbox 1013 1151 1087 1204; x_wconf 88' lang='lat' dir='ltr'>loeas</span> <span class='ocrx_word' id='word_1_39' title='bbox 1106 1151 1252 1220; x_wconf 79' lang='lat' dir='ltr'>explicatur</span> <span class='ocrx_word' id='word_1_40' title='bbox 1268 1150 1300 1204; x_wconf 90' lang='lat' dir='ltr'>‹le</span> <span class='ocrx_word' id='word_1_41' title='bbox 1318 1151 1407 1221; x_wconf 89' lang='lat' dir='ltr'>poeni·</span> 
     </span>
     <span class='ocr_line' id='line_1_7' title="bbox 273 1233 1405 1290; baseline 0.001 -2"><span class='ocrx_word' id='word_1_42' title='bbox 273 1237 474 1290; x_wconf 80' lang='lat' dir='ltr'>Anxomitarrim</span> <span class='ocrx_word' id='word_1_43' title='bbox 741 1233 799 1286; x_wconf 76' lang='lat' dir='ltr'>etl.</span> <span class='ocrx_word' id='word_1_44' title='bbox 884 1235 967 1288; x_wconf 82' lang='lat' dir='ltr'>tentia</span> <span class='ocrx_word' id='word_1_45' title='bbox 1347 1235 1405 1290; x_wconf 89' lang='grc'><strong>330.</strong></span> 
     </span>
     <span class='ocr_line' id='line_1_8' title="bbox 243 1317 1408 1390; baseline -0.002 -16"><span class='ocrx_word' id='word_1_46' title='bbox 243 1321 369 1374; x_wconf 81' lang='lat' dir='ltr'>liemarus</span> <span class='ocrx_word' id='word_1_47' title='bbox 391 1337 424 1373; x_wconf 84' lang='lat' dir='ltr'>ex</span> <span class='ocrx_word' id='word_1_48' title='bbox 448 1335 500 1390; x_wconf 86' lang='lat' dir='ltr'>qua</span> <span class='ocrx_word' id='word_1_49' title='bbox 518 1320 601 1390; x_wconf 86' lang='lat' dir='ltr'>patria</span> <span class='ocrx_word' id='word_1_50' title='bbox 617 1317 696 1373; x_wconf 78' lang='lat' dir='ltr'>inerit</span> <span class='ocrx_word' id='word_1_51' title='bbox 714 1319 800 1371; x_wconf 90' lang='lat' dir='ltr'>orion·</span> <span class='ocrx_word' id='word_1_52' title='bbox 850 1321 962 1374; x_wconf 87' lang='lat' dir='ltr'>Ioannes</span> <span class='ocrx_word' id='word_1_53' title='bbox 996 1319 1159 1389; x_wconf 80' lang='lat' dir='ltr'>euangelista</span> <span class='ocrx_word' id='word_1_54' title='bbox 1186 1319 1346 1385; x_wconf 82' lang='lat' dir='ltr'>detenditur,</span> <span class='ocrx_word' id='word_1_55' title='bbox 1382 1327 1408 1374; x_wconf 90' lang='lat' dir='ltr'>et</span> 
     </span>
     <span class='ocr_line' id='line_1_9' title="bbox 273 1403 1408 1476; baseline 0.002 -20"><span class='ocrx_word' id='word_1_56' title='bbox 273 1405 321 1457; x_wconf 82' lang='lat' dir='ltr'>dns</span> <span class='ocrx_word' id='word_1_57' title='bbox 758 1403 800 1458; x_wconf 81' lang='lat'>78.</span> <span class='ocrx_word' id='word_1_58' title='bbox 884 1405 1087 1476; x_wconf 85' lang='lat' dir='ltr'>ostenditurque</span> <span class='ocrx_word' id='word_1_59' title='bbox 1099 1409 1215 1474; x_wconf 89' lang='lat' dir='ltr'>tempore</span> <span class='ocrx_word' id='word_1_60' title='bbox 1225 1405 1408 1475; x_wconf 75' lang='lat' dir='ltr'>Apocalypsin</span> 
     </span>
     <span class='ocr_line' id='line_1_10' title="bbox 246 1487 1407 1560; baseline 0.002 -18"><span class='ocrx_word' id='word_1_61' title='bbox 246 1489 362 1544; x_wconf 88' lang='lat' dir='ltr'>llominia</span> <span class='ocrx_word' id='word_1_62' title='bbox 379 1492 497 1544; x_wconf 84' lang='lat' dir='ltr'>membra</span> <span class='ocrx_word' id='word_1_63' title='bbox 520 1496 584 1560; x_wconf 85' lang='lat' dir='ltr'>quot</span> <span class='ocrx_word' id='word_1_64' title='bbox 601 1491 655 1543; x_wconf 85' lang='lat' dir='ltr'>einr</span> <span class='ocrx_word' id='word_1_65' title='bbox 671 1490 742 1542; x_wconf 81' lang='lat' dir='ltr'>varie</span> <span class='ocrx_word' id='word_1_66' title='bbox 759 1504 798 1541; x_wconf 93' lang='lat' dir='ltr'>re·</span> <span class='ocrx_word' id='word_1_67' title='bbox 883 1491 988 1560; x_wconf 82' lang='lat' dir='ltr'>scripsit</span> <span class='ocrx_word' id='word_1_68' title='bbox 1350 1487 1407 1545; x_wconf 87' lang='grc'><strong>313.</strong></span> 
     </span>
     <span class='ocr_line' id='line_1_11' title="bbox 273 1572 1408 1646; baseline 0.001 -20"><span class='ocrx_word' id='word_1_69' title='bbox 273 1576 357 1628; x_wconf 86' lang='lat' dir='ltr'>latum</span> <span class='ocrx_word' id='word_1_70' title='bbox 753 1572 796 1628; x_wconf 80' lang='grc'>43.</span> <span class='ocrx_word' id='word_1_71' title='bbox 850 1576 897 1629; x_wconf 90' lang='lat' dir='ltr'>lob</span> <span class='ocrx_word' id='word_1_72' title='bbox 920 1575 994 1645; x_wconf 83' lang='lat' dir='ltr'>origo</span> <span class='ocrx_word' id='word_1_73' title='bbox 1019 1583 1045 1628; x_wconf 89' lang='lat' dir='ltr'>et</span> <span class='ocrx_word' id='word_1_74' title='bbox 1069 1582 1164 1646; x_wconf 87' lang='lat' dir='ltr'>quotus</span> <span class='ocrx_word' id='word_1_75' title='bbox 1181 1575 1260 1628; x_wconf 86' lang='lat' dir='ltr'>inerit</span> <span class='ocrx_word' id='word_1_76' title='bbox 1276 1575 1310 1628; x_wconf 85' lang='lat' dir='ltr'>ab</span> <span class='ocrx_word' id='word_1_77' title='bbox 1328 1575 1408 1628; x_wconf 75' lang='lat' dir='ltr'>Abra·</span> 
     </span>
     <span class='ocr_line' id='line_1_12' title="bbox 244 1659 1408 1730; baseline 0.001 -16"><span class='ocrx_word' id='word_1_78' title='bbox 244 1660 323 1715; x_wconf 84' lang='lat' dir='ltr'>iloree</span> <span class='ocrx_word' id='word_1_79' title='bbox 346 1659 459 1729; x_wconf 83' lang='lat' dir='ltr'>qualiter</span> <span class='ocrx_word' id='word_1_80' title='bbox 484 1660 688 1730; x_wconf 68' lang='lat' dir='ltr'><strong>aequinoctiales</strong></span> <span class='ocrx_word' id='word_1_81' title='bbox 712 1659 799 1712; x_wconf 82' lang='lat' dir='ltr'>‹lican-</span> <span class='ocrx_word' id='word_1_82' title='bbox 884 1675 944 1713; x_wconf 84' lang='lat' dir='ltr'>amo</span> <span class='ocrx_word' id='word_1_83' title='bbox 1368 1659 1408 1715; x_wconf 90' lang='lat' dir='ltr'>ll.</span> 
     </span>
     <span class='ocr_line' id='line_1_13' title="bbox 276 1735 1408 1816; baseline 0 -18"><span class='ocrx_word' id='word_1_84' title='bbox 276 1754 317 1798; x_wconf 87' lang='lat' dir='ltr'>tur</span> <span class='ocrx_word' id='word_1_85' title='bbox 338 1745 376 1798; x_wconf 79' lang='lat' dir='ltr'>ab</span> <span class='ocrx_word' id='word_1_86' title='bbox 393 1743 536 1814; x_wconf 78' lang='lat' dir='ltr'>Epiphanio</span> <span class='ocrx_word' id='word_1_87' title='bbox 756 1743 798 1796; x_wconf 77' lang='grc'><strong>14.</strong></span> <span class='ocrx_word' id='word_1_88' title='bbox 850 1745 878 1798; x_wconf 94' lang='lat' dir='ltr'>lo</span> <span class='ocrx_word' id='word_1_89' title='bbox 897 1743 986 1798; x_wconf 87' lang='lat' dir='ltr'>Inachi</span> <span class='ocrx_word' id='word_1_90' title='bbox 1009 1745 1064 1799; x_wconf 85' lang='lat' dir='ltr'>iilia</span> <span class='ocrx_word' id='word_1_91' title='bbox 1087 1761 1172 1816; x_wconf 85' lang='lat' dir='ltr'>aqua</span> <span class='ocrx_word' id='word_1_92' title='bbox 1189 1735 1239 1799; x_wconf 89' lang='lat' dir='ltr'>init</span> <span class='ocrx_word' id='word_1_93' title='bbox 1258 1743 1408 1816; x_wconf 83' lang='lat' dir='ltr'>Bosphorus</span> 
     </span>
     <span class='ocr_line' id='line_1_14' title="bbox 245 1829 1400 1899; baseline 0.001 -16"><span class='ocrx_word' id='word_1_94' title='bbox 245 1829 360 1899; x_wconf 72' lang='lat' dir='ltr'>llygtnue</span> <span class='ocrx_word' id='word_1_95' title='bbox 388 1830 500 1882; x_wconf 86' lang='lat' dir='ltr'>ineritne</span> <span class='ocrx_word' id='word_1_96' title='bbox 527 1845 613 1881; x_wconf 91' lang='lat' dir='ltr'>nonus</span> <span class='ocrx_word' id='word_1_97' title='bbox 636 1845 670 1882; x_wconf 89' lang='lat' dir='ltr'>an</span> <span class='ocrx_word' id='word_1_98' title='bbox 693 1835 799 1882; x_wconf 75' lang='lat' dir='ltr'>corvos</span> <span class='ocrx_word' id='word_1_99' title='bbox 884 1831 969 1884; x_wconf 86' lang='lat' dir='ltr'>dictus</span> <span class='ocrx_word' id='word_1_100' title='bbox 1240 1845 1244 1854; x_wconf 88' lang='grc'><strong>’</strong></span> <span class='ocrx_word' id='word_1_101' title='bbox 1366 1829 1400 1884; x_wconf 80' lang='grc'>64</span> 
     </span>
    </p>
   </div>
   <div class='ocr_carea' id='block_1_3' title="bbox 275 1873 1408 2054">
    <p class='ocr_par' dir='ltr' id='par_1_3' title="bbox 275 1873 1408 2054">
     <span class='ocr_line' id='line_1_15' title="bbox 275 1873 1408 2050; baseline 0.004 -84"><span class='ocrx_word' id='word_1_102' title='bbox 275 1915 344 1985; x_wconf 64' lang='lat' dir='ltr'>nep·</span> <span class='ocrx_word' id='word_1_103' title='bbox 507 1988 533 2050; x_wconf 79' lang='lat' dir='ltr'>L</span> <span class='ocrx_word' id='word_1_104' title='bbox 757 1913 799 1968; x_wconf 81' lang='grc' dir='ltr'>ιι.</span> <span class='ocrx_word' id='word_1_105' title='bbox 851 1915 879 1969; x_wconf 83' lang='lat'>10</span> <span class='ocrx_word' id='word_1_106' title='bbox 896 1915 986 1969; x_wconf 66' lang='lat' dir='ltr'>nascar</span> <span class='ocrx_word' id='word_1_107' title='bbox 1003 1915 1059 1969; x_wconf 73' lang='lat' dir='ltr'>nna</span> <span class='ocrx_word' id='word_1_108' title='bbox 1076 1915 1144 1970; x_wconf 72' lang='lat' dir='ltr'>eree</span> <span class='ocrx_word' id='word_1_109' title='bbox 1161 1916 1209 1970; x_wconf 81' lang='lat' dir='ltr'>nn</span> <span class='ocrx_word' id='word_1_110' title='bbox 1226 1917 1260 1969; x_wconf 75' lang='grc' dir='ltr'>ιι</span> <span class='ocrx_word' id='word_1_111' title='bbox 1274 1873 1408 1988; x_wconf 61' lang='lat' dir='ltr'>aegyptiis</span> 
     </span>
     <span class='ocr_line' id='line_1_16' title="bbox 1370 2001 1408 2054; baseline 0 0"><span class='ocrx_word' id='word_1_112' title='bbox 1370 2001 1408 2054; x_wconf 82' lang='lat' dir='ltr'>re.</span> 
     </span>
    </p>
   </div>
   <div class='ocr_carea' id='block_1_4' title="bbox 246 2084 1410 2920">
    <p class='ocr_par' dir='ltr' id='par_1_4' title="bbox 246 2084 1410 2920">
     <span class='ocr_line' id='line_1_17' title="bbox 246 2084 1409 2158; baseline 0.005 -22"><span class='ocrx_word' id='word_1_113' title='bbox 246 2084 332 2138; x_wconf 83' lang='lat' dir='ltr'>laeobo</span> <span class='ocrx_word' id='word_1_114' title='bbox 351 2084 471 2155; x_wconf 85' lang='lat' dir='ltr'>apostolo</span> <span class='ocrx_word' id='word_1_115' title='bbox 489 2099 523 2137; x_wconf 91' lang='lat' dir='ltr'>an</span> <span class='ocrx_word' id='word_1_116' title='bbox 540 2084 641 2138; x_wconf 74' lang='lat' dir='ltr'>licuerit</span> <span class='ocrx_word' id='word_1_117' title='bbox 660 2084 759 2137; x_wconf 88' lang='lat' dir='ltr'>intrare</span> <span class='ocrx_word' id='word_1_118' title='bbox 775 2084 802 2136; x_wconf 89' lang='lat' dir='ltr'>in</span> <span class='ocrx_word' id='word_1_119' title='bbox 853 2085 983 2156; x_wconf 69' lang='lat' dir='ltr'>,losephus</span> <span class='ocrx_word' id='word_1_120' title='bbox 1006 2103 1039 2140; x_wconf 83' lang='lat' dir='ltr'>an</span> <span class='ocrx_word' id='word_1_121' title='bbox 1062 2087 1157 2141; x_wconf 84' lang='lat' dir='ltr'>liberos</span> <span class='ocrx_word' id='word_1_122' title='bbox 1174 2103 1207 2141; x_wconf 83' lang='lat' dir='ltr'>ex</span> <span class='ocrx_word' id='word_1_123' title='bbox 1224 2088 1309 2158; x_wconf 89' lang='lat' dir='ltr'>priore</span> <span class='ocrx_word' id='word_1_124' title='bbox 1326 2103 1409 2142; x_wconf 86' lang='lat' dir='ltr'>uxore</span> 
     </span>
     <span class='ocr_line' id='line_1_18' title="bbox 279 2161 1408 2232; baseline 0.004 -10"><span class='ocrx_word' id='word_1_125' title='bbox 279 2177 371 2223; x_wconf 86' lang='lat' dir='ltr'>sancts</span> <span class='ocrx_word' id='word_1_126' title='bbox 382 2168 802 2232; x_wconf 69' lang='lat' dir='ltr'>unctorumnbirarionesSoa-</span> <span class='ocrx_word' id='word_1_127' title='bbox 887 2172 1007 2225; x_wconf 76' lang='lat' dir='ltr'>hebuerit</span> <span class='ocrx_word' id='word_1_128' title='bbox 1169 2161 1172 2168; x_wconf 45' lang='lat'>²</span> <span class='ocrx_word' id='word_1_129' title='bbox 1365 2172 1408 2227; x_wconf 87' lang='grc'>83.</span> 
     </span>
     <span class='ocr_line' id='line_1_19' title="bbox 275 2251 1409 2328; baseline 0.004 -20"><span class='ocrx_word' id='word_1_130' title='bbox 275 2256 349 2325; x_wconf 80' lang='lat' dir='ltr'>ligeri</span> <span class='ocrx_word' id='word_1_131' title='bbox 366 2256 551 2309; x_wconf 82' lang='lat' dir='ltr'>examinantur</span> <span class='ocrx_word' id='word_1_132' title='bbox 673 2252 733 2308; x_wconf 87' lang='grc'><strong>333.</strong></span> <span class='ocrx_word' id='word_1_133' title='bbox 744 2251 803 2308; x_wconf 89' lang='grc'><strong>333.</strong></span> <span class='ocrx_word' id='word_1_134' title='bbox 853 2255 983 2328; x_wconf 82' lang='lat' dir='ltr'>losephus</span> <span class='ocrx_word' id='word_1_135' title='bbox 1010 2256 1155 2310; x_wconf 83' lang='lat' dir='ltr'>deienrlitnr</span> <span class='ocrx_word' id='word_1_136' title='bbox 1180 2255 1269 2311; x_wconf 88' lang='lat' dir='ltr'>mnltle</span> <span class='ocrx_word' id='word_1_137' title='bbox 1295 2257 1323 2311; x_wconf 91' lang='lat' dir='ltr'>in</span> <span class='ocrx_word' id='word_1_138' title='bbox 1344 2257 1409 2312; x_wconf 88' lang='lat' dir='ltr'>locis</span> 
     </span>
     <span class='ocr_line' id='line_1_20' title="bbox 246 2338 1409 2410; baseline 0.003 -18"><span class='ocrx_word' id='word_1_139' title='bbox 246 2339 409 2394; x_wconf 79' lang='lat' dir='ltr'>idololatriae</span> <span class='ocrx_word' id='word_1_140' title='bbox 426 2341 502 2410; x_wconf 76' lang='lat' dir='ltr'>origo</span> <span class='ocrx_word' id='word_1_141' title='bbox 518 2338 648 2410; x_wconf 81' lang='lat' dir='ltr'>quomodo</span> <span class='ocrx_word' id='word_1_142' title='bbox 665 2355 699 2392; x_wconf 89' lang='lat' dir='ltr'>ex</span> <span class='ocrx_word' id='word_1_143' title='bbox 720 2340 799 2392; x_wconf 89' lang='lat' dir='ltr'>aimu-</span> <span class='ocrx_word' id='word_1_144' title='bbox 1353 2343 1409 2396; x_wconf 95' lang='grc'><strong>131.</strong></span> 
     </span>
     <span class='ocr_line' id='line_1_21' title="bbox 277 2425 1409 2498; baseline 0.004 -21"><span class='ocrx_word' id='word_1_145' title='bbox 277 2427 353 2479; x_wconf 83' lang='lat' dir='ltr'>leeris</span> <span class='ocrx_word' id='word_1_146' title='bbox 371 2432 398 2478; x_wconf 93' lang='lat' dir='ltr'>et</span> <span class='ocrx_word' id='word_1_147' title='bbox 415 2425 491 2479; x_wconf 88' lang='lat' dir='ltr'>idolis</span> <span class='ocrx_word' id='word_1_148' title='bbox 773 2425 798 2477; x_wconf 89' lang='grc'>3.</span> <span class='ocrx_word' id='word_1_149' title='bbox 851 2428 940 2480; x_wconf 82' lang='lat' dir='ltr'>leniae</span> <span class='ocrx_word' id='word_1_150' title='bbox 963 2427 1104 2481; x_wconf 90' lang='lat' dir='ltr'>liberorum</span> <span class='ocrx_word' id='word_1_151' title='bbox 1126 2427 1256 2480; x_wconf 87' lang='lat' dir='ltr'>successio</span> <span class='ocrx_word' id='word_1_152' title='bbox 1278 2429 1409 2498; x_wconf 86' lang='lat' dir='ltr'>quomodo</span> 
     </span>
     <span class='ocr_line' id='line_1_22' title="bbox 246 2509 1407 2580; baseline 0.004 -18"><span class='ocrx_word' id='word_1_153' title='bbox 246 2511 317 2563; x_wconf 87' lang='lat' dir='ltr'>lesus</span> <span class='ocrx_word' id='word_1_154' title='bbox 333 2527 431 2564; x_wconf 89' lang='lat' dir='ltr'>nomen</span> <span class='ocrx_word' id='word_1_155' title='bbox 450 2511 554 2580; x_wconf 82' lang='lat' dir='ltr'>qualem</span> <span class='ocrx_word' id='word_1_156' title='bbox 571 2509 598 2562; x_wconf 87' lang='lat' dir='ltr'>in</span> <span class='ocrx_word' id='word_1_157' title='bbox 617 2525 646 2563; x_wconf 90' lang='lat' dir='ltr'>se</span> <span class='ocrx_word' id='word_1_158' title='bbox 662 2523 801 2562; x_wconf 86' lang='lat' dir='ltr'>numerum</span> <span class='ocrx_word' id='word_1_159' title='bbox 886 2514 1040 2566; x_wconf 78' lang='lat' dir='ltr'>concilietur</span> <span class='ocrx_word' id='word_1_160' title='bbox 1052 2529 1085 2565; x_wconf 80' lang='lat' dir='ltr'>ax</span> <span class='ocrx_word' id='word_1_161' title='bbox 1103 2519 1190 2566; x_wconf 87' lang='lat' dir='ltr'>mente</span> <span class='ocrx_word' id='word_1_162' title='bbox 1202 2511 1356 2566; x_wconf 84' lang='lat' dir='ltr'>scholiastae</span> <span class='ocrx_word' id='word_1_163' title='bbox 1370 2511 1407 2567; x_wconf 91' lang='grc'><strong>18.</strong></span> 
     </span>
     <span class='ocr_line' id='line_1_23' title="bbox 277 2593 1408 2667; baseline 0.004 -19"><span class='ocrx_word' id='word_1_164' title='bbox 277 2597 393 2650; x_wconf 86' lang='lat' dir='ltr'>eontinet</span> <span class='ocrx_word' id='word_1_165' title='bbox 417 2595 561 2649; x_wconf 84' lang='lat' dir='ltr'>secundnm</span> <span class='ocrx_word' id='word_1_166' title='bbox 589 2595 689 2648; x_wconf 83' lang='lat' dir='ltr'>litteras</span> <span class='ocrx_word' id='word_1_167' title='bbox 713 2593 801 2663; x_wconf 84' lang='lat' dir='ltr'>alpha·</span> <span class='ocrx_word' id='word_1_168' title='bbox 854 2599 954 2652; x_wconf 86' lang='lat' dir='ltr'>lrenaei</span> <span class='ocrx_word' id='word_1_169' title='bbox 977 2597 1155 2652; x_wconf 80' lang='lat' dir='ltr'>sententiale</span> <span class='ocrx_word' id='word_1_170' title='bbox 1173 2597 1408 2667; x_wconf 81' lang='lat' dir='ltr'>lllrristipsssione</span> 
     </span>
     <span class='ocr_line' id='line_1_24' title="bbox 278 2679 1407 2738; baseline 0.003 -4"><span class='ocrx_word' id='word_1_171' title='bbox 278 2683 329 2736; x_wconf 88' lang='lat' dir='ltr'>beti</span> <span class='ocrx_word' id='word_1_172' title='bbox 760 2679 802 2732; x_wconf 79' lang='lat' dir='ltr'>te.</span> <span class='ocrx_word' id='word_1_173' title='bbox 1352 2683 1407 2738; x_wconf 79' lang='lat' dir='ltr'>ret.</span> 
     </span>
     <span class='ocr_line' id='line_1_25' title="bbox 248 2765 1410 2823; baseline 0.001 -3"><span class='ocrx_word' id='word_1_174' title='bbox 248 2765 318 2820; x_wconf 81' lang='lat' dir='ltr'>leena</span> <span class='ocrx_word' id='word_1_175' title='bbox 346 2782 445 2820; x_wconf 91' lang='lat' dir='ltr'>nemen</span> <span class='ocrx_word' id='word_1_176' title='bbox 474 2772 501 2818; x_wconf 88' lang='lat' dir='ltr'>et</span> <span class='ocrx_word' id='word_1_177' title='bbox 526 2767 560 2819; x_wconf 83' lang='lat' dir='ltr'>ab</span> <span class='ocrx_word' id='word_1_178' title='bbox 588 2766 707 2818; x_wconf 84' lang='lat' dir='ltr'>Hebraeo</span> <span class='ocrx_word' id='word_1_179' title='bbox 734 2773 760 2817; x_wconf 88' lang='lat' dir='ltr'>et</span> <span class='ocrx_word' id='word_1_180' title='bbox 786 2780 803 2816; x_wconf 77' lang='lat' dir='ltr'>e</span> <span class='ocrx_word' id='word_1_181' title='bbox 853 2769 985 2822; x_wconf 75' lang='lat' dir='ltr'>israelitae</span> <span class='ocrx_word' id='word_1_182' title='bbox 1010 2785 1043 2822; x_wconf 82' lang='lat' dir='ltr'>en</span> <span class='ocrx_word' id='word_1_183' title='bbox 1066 2771 1093 2822; x_wconf 92' lang='lat' dir='ltr'>in</span> <span class='ocrx_word' id='word_1_184' title='bbox 1116 2769 1218 2823; x_wconf 89' lang='lat' dir='ltr'>deserto</span> <span class='ocrx_word' id='word_1_185' title='bbox 1235 2768 1311 2822; x_wconf 85' lang='lat' dir='ltr'>idolis</span> <span class='ocrx_word' id='word_1_186' title='bbox 1334 2784 1410 2822; x_wconf 87' lang='lat' dir='ltr'>sacra</span> 
     </span>
     <span class='ocr_line' id='line_1_26' title="bbox 277 2849 1408 2920; baseline 0.002 -14"><span class='ocrx_word' id='word_1_187' title='bbox 277 2851 377 2906; x_wconf 79' lang='lat' dir='ltr'>Graeco</span> <span class='ocrx_word' id='word_1_188' title='bbox 396 2857 483 2920; x_wconf 87' lang='lat' dir='ltr'>potest</span> <span class='ocrx_word' id='word_1_189' title='bbox 499 2851 591 2904; x_wconf 81' lang='lat' dir='ltr'>deduci</span> <span class='ocrx_word' id='word_1_190' title='bbox 760 2849 801 2904; x_wconf 78' lang='grc'>53.</span> <span class='ocrx_word' id='word_1_191' title='bbox 887 2856 997 2908; x_wconf 82' lang='lat' dir='ltr'>iecerint</span> <span class='ocrx_word' id='word_1_192' title='bbox 1366 2854 1408 2908; x_wconf 87' lang='lat'>81.</span> 
     </span>
    </p>
   </div>
   <div class='ocr_carea' id='block_1_5' title="bbox 251 2934 1409 3010">
    <p class='ocr_par' dir='ltr' id='par_1_5' title="bbox 251 2934 1409 3010">
     <span class='ocr_line' id='line_1_27' title="bbox 251 2934 1409 3010; baseline 0.003 -22"><span class='ocrx_word' id='word_1_193' title='bbox 251 2937 378 3006; x_wconf 83' lang='lat' dir='ltr'>lejoniam</span> <span class='ocrx_word' id='word_1_194' title='bbox 401 2935 628 3006; x_wconf 79' lang='lat' dir='ltr'>quadragesimale</span> <span class='ocrx_word' id='word_1_195' title='bbox 649 2951 666 2988; x_wconf 88' lang='lat' dir='ltr'>a</span> <span class='ocrx_word' id='word_1_196' title='bbox 687 2934 804 3006; x_wconf 84' lang='lat' dir='ltr'>paschali</span> <span class='ocrx_word' id='word_1_197' title='bbox 853 2940 987 2994; x_wconf 87' lang='lat' dir='ltr'>israelitae</span> <span class='ocrx_word' id='word_1_198' title='bbox 1015 2955 1049 2993; x_wconf 90' lang='lat' dir='ltr'>an</span> <span class='ocrx_word' id='word_1_199' title='bbox 1073 2941 1165 3010; x_wconf 87' lang='lat' dir='ltr'>quinta</span> <span class='ocrx_word' id='word_1_200' title='bbox 1187 2941 1354 3010; x_wconf 72' lang='lat' dir='ltr'>generatione</span> <span class='ocrx_word' id='word_1_201' title='bbox 1376 2955 1409 2992; x_wconf 84' lang='lat' dir='ltr'>ex</span> 
     </span>
    </p>
   </div>
   <div class='ocr_carea' id='block_1_6' title="bbox 278 3021 1513 3095">
    <p class='ocr_par' dir='ltr' id='par_1_6' title="bbox 278 3021 1513 3095">
     <span class='ocr_line' id='line_1_28' title="bbox 278 3021 1513 3095; baseline 0.004 -20"><span class='ocrx_word' id='word_1_202' title='bbox 278 3021 364 3075; x_wconf 85' lang='lat' dir='ltr'>eliliert</span> <span class='ocrx_word' id='word_1_203' title='bbox 381 3021 524 3074; x_wconf 85' lang='lat' dir='ltr'>secondum</span> <span class='ocrx_word' id='word_1_204' title='bbox 542 3021 684 3074; x_wconf 82' lang='lat' dir='ltr'>nonnullos</span> <span class='ocrx_word' id='word_1_205' title='bbox 743 3021 802 3092; x_wconf 86' lang='grc'><strong>363.</strong></span> <span class='ocrx_word' id='word_1_206' title='bbox 889 3029 1009 3095; x_wconf 77' lang='lat' dir='ltr'>Aegypto</span> <span class='ocrx_word' id='word_1_207' title='bbox 1027 3026 1198 3094; x_wconf 81' lang='lat' dir='ltr'>migraverint</span> <span class='ocrx_word' id='word_1_208' title='bbox 1368 3023 1407 3079; x_wconf 81' lang='lat'>15.</span> <span class='ocrx_word' id='word_1_209' title='bbox 1505 3023 1513 3038; x_wconf 91' lang='lat'>&#39;</span> 
     </span>
    </p>
   </div>
   <div class='ocr_carea' id='block_1_7' title="bbox 250 3102 1414 4954">
    <p class='ocr_par' dir='ltr' id='par_1_7' title="bbox 250 3102 1410 3438">
     <span class='ocr_line' id='line_1_29' title="bbox 250 3102 1409 3180; baseline 0.002 -20"><span class='ocrx_word' id='word_1_210' title='bbox 250 3104 377 3175; x_wconf 85' lang='lat' dir='ltr'>lejuniurn</span> <span class='ocrx_word' id='word_1_211' title='bbox 404 3107 631 3176; x_wconf 74' lang='lat' dir='ltr'>quadragesimale</span> <span class='ocrx_word' id='word_1_212' title='bbox 661 3123 694 3159; x_wconf 84' lang='lat' dir='ltr'>ex</span> <span class='ocrx_word' id='word_1_213' title='bbox 724 3121 750 3158; x_wconf 78' lang='lat' dir='ltr'>v.</span> <span class='ocrx_word' id='word_1_214' title='bbox 777 3124 802 3176; x_wconf 93' lang='lat' dir='ltr'>p.</span> <span class='ocrx_word' id='word_1_215' title='bbox 853 3102 1030 3164; x_wconf 76' lang='lat' dir='ltr'>israelitarum</span> <span class='ocrx_word' id='word_1_216' title='bbox 1053 3119 1079 3162; x_wconf 89' lang='lat' dir='ltr'>et</span> <span class='ocrx_word' id='word_1_217' title='bbox 1095 3110 1253 3162; x_wconf 79' lang='lat' dir='ltr'>ludaeorum</span> <span class='ocrx_word' id='word_1_218' title='bbox 1271 3109 1409 3180; x_wconf 85' lang='lat' dir='ltr'>appellatio</span> 
     </span>
     <span class='ocr_line' id='line_1_30' title="bbox 278 3190 1410 3265; baseline 0.002 -19"><span class='ocrx_word' id='word_1_219' title='bbox 278 3192 433 3246; x_wconf 78' lang='lat' dir='ltr'>testimoniis</span> <span class='ocrx_word' id='word_1_220' title='bbox 737 3190 800 3245; x_wconf 90' lang='grc'><strong>360.</strong></span> <span class='ocrx_word' id='word_1_221' title='bbox 887 3194 1018 3265; x_wconf 86' lang='lat' dir='ltr'>quomodo</span> <span class='ocrx_word' id='word_1_222' title='bbox 1036 3193 1139 3247; x_wconf 81' lang='lat' dir='ltr'>differat</span> <span class='ocrx_word' id='word_1_223' title='bbox 1371 3193 1410 3248; x_wconf 82' lang='lat' dir='ltr'>lt.</span> 
     </span>
     <span class='ocr_line' id='line_1_31' title="bbox 250 3275 1409 3350; baseline 0.001 -20"><span class='ocrx_word' id='word_1_224' title='bbox 250 3275 338 3346; x_wconf 84' lang='lat' dir='ltr'>Jejonii</span> <span class='ocrx_word' id='word_1_225' title='bbox 360 3277 459 3347; x_wconf 80' lang='lat' dir='ltr'>duplex</span> <span class='ocrx_word' id='word_1_226' title='bbox 485 3275 572 3330; x_wconf 81' lang='lat' dir='ltr'>torma</span> <span class='ocrx_word' id='word_1_227' title='bbox 593 3275 663 3347; x_wconf 86' lang='lat' dir='ltr'>apud</span> <span class='ocrx_word' id='word_1_228' title='bbox 679 3277 802 3347; x_wconf 80' lang='lat' dir='ltr'>antiquos</span> <span class='ocrx_word' id='word_1_229' title='bbox 854 3282 1031 3336; x_wconf 86' lang='lat' dir='ltr'>Israelitarum</span> <span class='ocrx_word' id='word_1_230' title='bbox 1053 3281 1227 3350; x_wconf 82' lang='lat' dir='ltr'>peregrinatio</span> <span class='ocrx_word' id='word_1_231' title='bbox 1244 3282 1272 3333; x_wconf 94' lang='lat' dir='ltr'>in</span> <span class='ocrx_word' id='word_1_232' title='bbox 1290 3280 1409 3349; x_wconf 76' lang='lat' dir='ltr'>Aegypto</span> 
     </span>
     <span class='ocr_line' id='line_1_32' title="bbox 743 3361 1194 3438; baseline 0.009 -24"><span class='ocrx_word' id='word_1_233' title='bbox 743 3361 802 3418; x_wconf 80' lang='grc'><strong>367.</strong></span> <span class='ocrx_word' id='word_1_234' title='bbox 888 3373 952 3438; x_wconf 88' lang='lat' dir='ltr'>quot</span> <span class='ocrx_word' id='word_1_235' title='bbox 970 3381 1098 3418; x_wconf 88' lang='lat' dir='ltr'>annorum</span> <span class='ocrx_word' id='word_1_236' title='bbox 1118 3365 1194 3418; x_wconf 86' lang='lat' dir='ltr'>inerit</span> 
     </span>
    </p>

    <p class='ocr_par' dir='ltr' id='par_1_8' title="bbox 251 3445 1414 4954">
     <span class='ocr_line' id='line_1_33' title="bbox 252 3445 1409 3521; baseline -0.001 -18"><span class='ocrx_word' id='word_1_237' title='bbox 252 3449 340 3520; x_wconf 84' lang='lat' dir='ltr'>Jejunii</span> <span class='ocrx_word' id='word_1_238' title='bbox 352 3449 471 3504; x_wconf 83' lang='lat' dir='ltr'>soluendi</span> <span class='ocrx_word' id='word_1_239' title='bbox 483 3455 587 3518; x_wconf 89' lang='lat' dir='ltr'>tempos</span> <span class='ocrx_word' id='word_1_240' title='bbox 738 3445 800 3503; x_wconf 77' lang='grc'><strong>384.</strong></span> <span class='ocrx_word' id='word_1_241' title='bbox 854 3453 955 3506; x_wconf 77' lang='lat' dir='ltr'>iudaea</span> <span class='ocrx_word' id='word_1_242' title='bbox 972 3449 1076 3521; x_wconf 87' lang='lat' dir='ltr'>qnando</span> <span class='ocrx_word' id='word_1_243' title='bbox 1094 3451 1192 3504; x_wconf 90' lang='lat' dir='ltr'>tributa</span> <span class='ocrx_word' id='word_1_244' title='bbox 1208 3449 1236 3504; x_wconf 89' lang='lat' dir='ltr'>P.</span> <span class='ocrx_word' id='word_1_245' title='bbox 1249 3449 1279 3504; x_wconf 80' lang='lat' dir='ltr'>a.</span> <span class='ocrx_word' id='word_1_246' title='bbox 1297 3449 1409 3520; x_wconf 83' lang='lat' dir='ltr'>pendere</span> 
     </span>
     <span class='ocr_line' id='line_1_34' title="bbox 251 3533 1408 3608; baseline 0.003 -21"><span class='ocrx_word' id='word_1_247' title='bbox 251 3535 348 3605; x_wconf 82' lang='lat' dir='ltr'>iejunia</span> <span class='ocrx_word' id='word_1_248' title='bbox 373 3535 534 3590; x_wconf 79' lang='lat' dir='ltr'>ludaeorum</span> <span class='ocrx_word' id='word_1_249' title='bbox 562 3547 629 3602; x_wconf 87' lang='lat' dir='ltr'>quae</span> <span class='ocrx_word' id='word_1_250' title='bbox 655 3539 682 3585; x_wconf 89' lang='lat' dir='ltr'>et</span> <span class='ocrx_word' id='word_1_251' title='bbox 707 3533 803 3602; x_wconf 86' lang='lat' dir='ltr'>quibus</span> <span class='ocrx_word' id='word_1_252' title='bbox 887 3539 971 3608; x_wconf 88' lang='lat' dir='ltr'>coepit</span> <span class='ocrx_word' id='word_1_253' title='bbox 1282 3535 1408 3590; x_wconf 83' lang='grc'><strong>138133.</strong></span> 
     </span>
     <span class='ocr_line' id='line_1_35' title="bbox 280 3617 1411 3691; baseline -0.003 -14"><span class='ocrx_word' id='word_1_254' title='bbox 280 3623 367 3676; x_wconf 85' lang='lat' dir='ltr'>diebos</span> <span class='ocrx_word' id='word_1_255' title='bbox 386 3619 578 3674; x_wconf 73' lang='lat' dir='ltr'>celebrarentur</span> <span class='ocrx_word' id='word_1_256' title='bbox 759 3617 801 3672; x_wconf 78' lang='grc'>65.</span> <span class='ocrx_word' id='word_1_257' title='bbox 852 3623 1013 3677; x_wconf 80' lang='lat' dir='ltr'>ludaeorum</span> <span class='ocrx_word' id='word_1_258' title='bbox 1029 3621 1098 3675; x_wconf 84' lang='lat' dir='ltr'>teste</span> <span class='ocrx_word' id='word_1_259' title='bbox 1115 3621 1160 3691; x_wconf 85' lang='lat' dir='ltr'>qni</span> <span class='ocrx_word' id='word_1_260' title='bbox 1177 3635 1210 3674; x_wconf 86' lang='lat' dir='ltr'>ea</span> <span class='ocrx_word' id='word_1_261' title='bbox 1227 3621 1355 3676; x_wconf 84' lang='lat' dir='ltr'>accuratis</span> <span class='ocrx_word' id='word_1_262' title='bbox 1373 3623 1411 3674; x_wconf 90' lang='lat' dir='ltr'>lo·</span> 
     </span>
     <span class='ocr_line' id='line_1_36' title="bbox 253 3703 1410 3777; baseline 0.003 -20"><span class='ocrx_word' id='word_1_263' title='bbox 253 3707 349 3775; x_wconf 76' lang='lat' dir='ltr'>lejonia</span> <span class='ocrx_word' id='word_1_264' title='bbox 366 3707 445 3776; x_wconf 90' lang='lat' dir='ltr'>plena</span> <span class='ocrx_word' id='word_1_265' title='bbox 460 3712 487 3757; x_wconf 89' lang='lat' dir='ltr'>et</span> <span class='ocrx_word' id='word_1_266' title='bbox 498 3703 664 3774; x_wconf 82' lang='lat' dir='ltr'>semijejunia</span> <span class='ocrx_word' id='word_1_267' title='bbox 681 3717 749 3772; x_wconf 81' lang='lat' dir='ltr'>qnae</span> <span class='ocrx_word' id='word_1_268' title='bbox 765 3703 803 3756; x_wconf 88' lang='lat' dir='ltr'>di·</span> <span class='ocrx_word' id='word_1_269' title='bbox 886 3725 937 3761; x_wconf 88' lang='lat' dir='ltr'>nae</span> <span class='ocrx_word' id='word_1_270' title='bbox 955 3709 1070 3762; x_wconf 84' lang='lat' dir='ltr'>motibus</span> <span class='ocrx_word' id='word_1_271' title='bbox 1089 3707 1225 3777; x_wconf 87' lang='lat' dir='ltr'>explerunt</span> <span class='ocrx_word' id='word_1_272' title='bbox 1249 3715 1336 3761; x_wconf 86' lang='lat' dir='ltr'>errant</span> <span class='ocrx_word' id='word_1_273' title='bbox 1356 3707 1410 3762; x_wconf 81' lang='grc'><strong>153.</strong></span> 
     </span>
     <span class='ocr_line' id='line_1_37' title="bbox 281 3787 1411 3849; baseline -0.002 -3"><span class='ocrx_word' id='word_1_274' title='bbox 281 3801 395 3846; x_wconf 89' lang='lat' dir='ltr'>cerentnr</span> <span class='ocrx_word' id='word_1_275' title='bbox 743 3787 802 3843; x_wconf 83' lang='grc'><strong>363.</strong></span> <span class='ocrx_word' id='word_1_276' title='bbox 853 3793 948 3847; x_wconf 85' lang='lat' dir='ltr'>ludaei</span> <span class='ocrx_word' id='word_1_277' title='bbox 966 3799 1052 3849; x_wconf 88' lang='lat' dir='ltr'>utrum</span> <span class='ocrx_word' id='word_1_278' title='bbox 1071 3793 1132 3846; x_wconf 88' lang='lat' dir='ltr'>olim</span> <span class='ocrx_word' id='word_1_279' title='bbox 1151 3791 1411 3846; x_wconf 83' lang='lat' dir='ltr'>translationeiesta·</span> 
     </span>
     <span class='ocr_line' id='line_1_38' title="bbox 252 3871 1411 3949; baseline 0.002 -22"><span class='ocrx_word' id='word_1_280' title='bbox 252 3873 401 3949; x_wconf 78' lang='lat' dir='ltr'>‘liprptproe‚</span> <span class='ocrx_word' id='word_1_281' title='bbox 416 3873 533 3942; x_wconf 80' lang='grc' dir='ltr'><strong>ιολόβιον</strong></span> <span class='ocrx_word' id='word_1_282' title='bbox 544 3882 572 3927; x_wconf 87' lang='lat' dir='ltr'>et</span> <span class='ocrx_word' id='word_1_283' title='bbox 584 3871 727 3944; x_wconf 73' lang='grc' dir='ltr'><strong>ὠμοφόριοι</strong></span> <span class='ocrx_word' id='word_1_284' title='bbox 740 3891 803 3944; x_wconf 91' lang='lat' dir='ltr'>quo·</span> <span class='ocrx_word' id='word_1_285' title='bbox 888 3895 946 3931; x_wconf 91' lang='lat' dir='ltr'>rnrn</span> <span class='ocrx_word' id='word_1_286' title='bbox 969 3880 1023 3932; x_wconf 87' lang='lat' dir='ltr'>sint</span> <span class='ocrx_word' id='word_1_287' title='bbox 1040 3879 1081 3931; x_wconf 89' lang='lat' dir='ltr'>usi</span> <span class='ocrx_word' id='word_1_288' title='bbox 1109 3877 1164 3932; x_wconf 84' lang='grc'><strong>183.</strong></span> <span class='ocrx_word' id='word_1_289' title='bbox 1182 3877 1213 3930; x_wconf 80' lang='lat' dir='ltr'>tle</span> <span class='ocrx_word' id='word_1_290' title='bbox 1236 3895 1266 3930; x_wconf 92' lang='lat' dir='ltr'>eo</span> <span class='ocrx_word' id='word_1_291' title='bbox 1285 3877 1411 3946; x_wconf 79' lang='lat' dir='ltr'>Scaligerl</span> 
     </span>
     <span class='ocr_line' id='line_1_39' title="bbox 282 3959 1411 4031; baseline -0.002 -16"><span class='ocrx_word' id='word_1_292' title='bbox 282 3963 355 4017; x_wconf 80' lang='lat' dir='ltr'>rnoclo</span> <span class='ocrx_word' id='word_1_293' title='bbox 372 3962 566 4030; x_wconf 78' lang='lat' dir='ltr'>distinguantur</span> <span class='ocrx_word' id='word_1_294' title='bbox 745 3959 803 4015; x_wconf 82' lang='grc'><strong>384.</strong></span> <span class='ocrx_word' id='word_1_295' title='bbox 888 3966 1018 4019; x_wconf 85' lang='lat' dir='ltr'>sententis</span> <span class='ocrx_word' id='word_1_296' title='bbox 1029 3962 1101 4025; x_wconf 81' lang='lat' dir='ltr'>ibici,</span> <span class='ocrx_word' id='word_1_297' title='bbox 1119 3977 1186 4031; x_wconf 88' lang='lat' dir='ltr'>qnae</span> <span class='ocrx_word' id='word_1_298' title='bbox 1202 3963 1327 4016; x_wconf 74' lang='lat' dir='ltr'>refellitur</span> <span class='ocrx_word' id='word_1_299' title='bbox 1347 3961 1411 4024; x_wconf 77' lang='grc'><strong>183,</strong></span> 
     </span>
     <span class='ocr_line' id='line_1_40' title="bbox 254 4045 1412 4115; baseline 0 -18"><span class='ocrx_word' id='word_1_300' title='bbox 254 4045 332 4101; x_wconf 86' lang='lat' dir='ltr'>lnaclai</span> <span class='ocrx_word' id='word_1_301' title='bbox 349 4055 375 4103; x_wconf 88' lang='lat' dir='ltr'>et</span> <span class='ocrx_word' id='word_1_302' title='bbox 392 4046 547 4115; x_wconf 78' lang='lat' dir='ltr'>Argivorum</span> <span class='ocrx_word' id='word_1_303' title='bbox 564 4046 641 4114; x_wconf 76' lang='lat' dir='ltr'>regni</span> <span class='ocrx_word' id='word_1_304' title='bbox 658 4046 734 4098; x_wconf 87' lang='lat' dir='ltr'>initia</span> <span class='ocrx_word' id='word_1_305' title='bbox 764 4045 801 4099; x_wconf 78' lang='grc'>13.</span> <span class='ocrx_word' id='word_1_306' title='bbox 890 4050 960 4101; x_wconf 90' lang='lat' dir='ltr'>circa</span> <span class='ocrx_word' id='word_1_307' title='bbox 986 4047 1053 4100; x_wconf 88' lang='lat' dir='ltr'>illnd</span> <span class='ocrx_word' id='word_1_308' title='bbox 1080 4047 1257 4100; x_wconf 82' lang='lat' dir='ltr'>memorabilis</span> <span class='ocrx_word' id='word_1_309' title='bbox 1284 4047 1356 4100; x_wconf 91' lang='lat' dir='ltr'>loeus</span> <span class='ocrx_word' id='word_1_310' title='bbox 1378 4061 1412 4098; x_wconf 81' lang='lat' dir='ltr'>ex</span> 
     </span>
     <span class='ocr_line' id='line_1_41' title="bbox 254 4128 1409 4203; baseline -0.001 -18"><span class='ocrx_word' id='word_1_311' title='bbox 254 4132 376 4187; x_wconf 80' lang='lat' dir='ltr'>lncltenlus</span> <span class='ocrx_word' id='word_1_312' title='bbox 393 4133 574 4203; x_wconf 87' lang='lat' dir='ltr'>episcoporum</span> <span class='ocrx_word' id='word_1_313' title='bbox 592 4131 805 4198; x_wconf 77' lang='lat' dir='ltr'>Hierosolymita·</span> <span class='ocrx_word' id='word_1_314' title='bbox 890 4133 957 4185; x_wconf 79' lang='lat' dir='ltr'>Rebi</span> <span class='ocrx_word' id='word_1_315' title='bbox 976 4133 1049 4186; x_wconf 77' lang='lat' dir='ltr'>Mose</span> <span class='ocrx_word' id='word_1_316' title='bbox 1354 4128 1409 4184; x_wconf 79' lang='grc'><strong>181.</strong></span> 
     </span>
     <span class='ocr_line' id='line_1_42' title="bbox 282 4211 1412 4286; baseline -0.003 -16"><span class='ocrx_word' id='word_1_317' title='bbox 282 4235 371 4272; x_wconf 86' lang='lat' dir='ltr'>norom</span> <span class='ocrx_word' id='word_1_318' title='bbox 388 4217 448 4270; x_wconf 89' lang='grc'><strong>366.</strong></span> <span class='ocrx_word' id='word_1_319' title='bbox 466 4224 494 4269; x_wconf 90' lang='lat' dir='ltr'>et</span> <span class='ocrx_word' id='word_1_320' title='bbox 514 4232 549 4268; x_wconf 88' lang='lat' dir='ltr'>an</span> <span class='ocrx_word' id='word_1_321' title='bbox 566 4215 727 4286; x_wconf 79' lang='lat' dir='ltr'>Nicephorus</span> <span class='ocrx_word' id='word_1_322' title='bbox 745 4231 805 4268; x_wconf 80' lang='lat' dir='ltr'>vere</span> <span class='ocrx_word' id='word_1_323' title='bbox 855 4217 949 4272; x_wconf 80' lang='lat' dir='ltr'>ludaei</span> <span class='ocrx_word' id='word_1_324' title='bbox 966 4233 1011 4270; x_wconf 90' lang='lat' dir='ltr'>eur</span> <span class='ocrx_word' id='word_1_325' title='bbox 1029 4221 1089 4269; x_wconf 88' lang='lat' dir='ltr'>ante</span> <span class='ocrx_word' id='word_1_326' title='bbox 1107 4215 1299 4286; x_wconf 70' lang='lat' dir='ltr'>mquinoctiom</span> <span class='ocrx_word' id='word_1_327' title='bbox 1310 4211 1412 4268; x_wconf 82' lang='lat' dir='ltr'>Pascha</span> 
     </span>
     <span class='ocr_line' id='line_1_43' title="bbox 282 4297 1411 4371; baseline 0 -17"><span class='ocrx_word' id='word_1_328' title='bbox 282 4319 362 4358; x_wconf 83' lang='lat' dir='ltr'>annos</span> <span class='ocrx_word' id='word_1_329' title='bbox 379 4302 510 4356; x_wconf 75' lang='lat' dir='ltr'>notaverit</span> <span class='ocrx_word' id='word_1_330' title='bbox 533 4301 628 4371; x_wconf 86' lang='lat' dir='ltr'>quibua</span> <span class='ocrx_word' id='word_1_331' title='bbox 647 4301 746 4370; x_wconf 74' lang='lat' dir='ltr'>singuli</span> <span class='ocrx_word' id='word_1_332' title='bbox 764 4315 805 4353; x_wconf 88' lang='lat' dir='ltr'>se·</span> <span class='ocrx_word' id='word_1_333' title='bbox 890 4303 1052 4358; x_wconf 88' lang='lat' dir='ltr'>celebrarant</span> <span class='ocrx_word' id='word_1_334' title='bbox 1356 4297 1411 4354; x_wconf 83' lang='grc'><strong>163.</strong></span> 
     </span>
     <span class='ocr_line' id='line_1_44' title="bbox 285 4382 1413 4450; baseline -0.002 -10"><span class='ocrx_word' id='word_1_335' title='bbox 285 4388 339 4442; x_wconf 85' lang='lat' dir='ltr'>lem</span> <span class='ocrx_word' id='word_1_336' title='bbox 356 4393 497 4442; x_wconf 88' lang='lat' dir='ltr'>tennerunt</span> <span class='ocrx_word' id='word_1_337' title='bbox 745 4385 804 4440; x_wconf 91' lang='grc'><strong>366.</strong></span> <span class='ocrx_word' id='word_1_338' title='bbox 856 4388 948 4442; x_wconf 82' lang='lat' dir='ltr'>ludaei</span> <span class='ocrx_word' id='word_1_339' title='bbox 967 4382 1413 4450; x_wconf 79' lang='lat' dir='ltr'>acludaiaantesQnartadeoimsni</span> 
     </span>
     <span class='ocr_line' id='line_1_45' title="bbox 255 4469 1411 4544; baseline 0.003 -23"><span class='ocrx_word' id='word_1_340' title='bbox 255 4469 377 4527; x_wconf 80' lang='lat' dir='ltr'>lntlieuloe</span> <span class='ocrx_word' id='word_1_341' title='bbox 399 4475 495 4544; x_wconf 81' lang='lat' dir='ltr'>triplex</span> <span class='ocrx_word' id='word_1_342' title='bbox 518 4472 551 4526; x_wconf 82' lang='lat' dir='ltr'>ad</span> <span class='ocrx_word' id='word_1_343' title='bbox 574 4471 670 4526; x_wconf 70' lang='lat' dir='ltr'>b&#39;hrieti</span> <span class='ocrx_word' id='word_1_344' title='bbox 691 4473 805 4524; x_wconf 63' lang='lat' dir='ltr'>nantem</span> <span class='ocrx_word' id='word_1_345' title='bbox 1271 4517 1272 4520; x_wconf 69' lang='grc'>,</span> <span class='ocrx_word' id='word_1_346' title='bbox 1354 4469 1411 4525; x_wconf 85' lang='grc'><strong>336.</strong></span> 
     </span>
     <span class='ocr_line' id='line_1_46' title="bbox 284 4554 1414 4630; baseline -0.002 -20"><span class='ocrx_word' id='word_1_347' title='bbox 284 4565 309 4610; x_wconf 85' lang='lat' dir='ltr'>et</span> <span class='ocrx_word' id='word_1_348' title='bbox 324 4566 427 4630; x_wconf 88' lang='lat' dir='ltr'>tempus</span> <span class='ocrx_word' id='word_1_349' title='bbox 444 4559 576 4629; x_wconf 79' lang='lat' dir='ltr'>passionis</span> <span class='ocrx_word' id='word_1_350' title='bbox 594 4555 738 4611; x_wconf 85' lang='lat' dir='ltr'>eruendum</span> <span class='ocrx_word' id='word_1_351' title='bbox 755 4559 805 4611; x_wconf 87' lang='lat' dir='ltr'>nti·</span> <span class='ocrx_word' id='word_1_352' title='bbox 855 4557 949 4612; x_wconf 81' lang='lat' dir='ltr'>ludaei</span> <span class='ocrx_word' id='word_1_353' title='bbox 972 4557 1079 4611; x_wconf 88' lang='lat' dir='ltr'>rubrum</span> <span class='ocrx_word' id='word_1_354' title='bbox 1103 4571 1175 4610; x_wconf 88' lang='lat' dir='ltr'>mare</span> <span class='ocrx_word' id='word_1_355' title='bbox 1197 4554 1356 4624; x_wconf 77' lang='lat' dir='ltr'>trajicientes</span> <span class='ocrx_word' id='word_1_356' title='bbox 1373 4561 1414 4610; x_wconf 91' lang='lat' dir='ltr'>tot</span> 
     </span>
     <span class='ocr_line' id='line_1_47' title="bbox 285 4641 1414 4713; baseline 0 -19"><span class='ocrx_word' id='word_1_357' title='bbox 285 4644 315 4695; x_wconf 88' lang='lat' dir='ltr'>lis</span> <span class='ocrx_word' id='word_1_358' title='bbox 324 4645 467 4698; x_wconf 87' lang='lat' dir='ltr'>secundam</span> <span class='ocrx_word' id='word_1_359' title='bbox 483 4644 569 4698; x_wconf 81' lang='lat' dir='ltr'>iactes</span> <span class='ocrx_word' id='word_1_360' title='bbox 586 4643 737 4697; x_wconf 86' lang='lat' dir='ltr'>consulares</span> <span class='ocrx_word' id='word_1_361' title='bbox 763 4642 805 4696; x_wconf 81' lang='grc'><strong>96.</strong></span> <span class='ocrx_word' id='word_1_362' title='bbox 889 4644 946 4696; x_wconf 82' lang='lat' dir='ltr'>riae</span> <span class='ocrx_word' id='word_1_363' title='bbox 958 4643 1099 4713; x_wconf 84' lang='lat' dir='ltr'>impressas</span> <span class='ocrx_word' id='word_1_364' title='bbox 1110 4641 1330 4712; x_wconf 79' lang='lat' dir='ltr'>habueruntqoot</span> <span class='ocrx_word' id='word_1_365' title='bbox 1340 4647 1414 4695; x_wconf 86' lang='lat' dir='ltr'>erant</span> 
     </span>
     <span class='ocr_line' id='line_1_48' title="bbox 258 4725 1410 4799; baseline 0.005 -23"><span class='ocrx_word' id='word_1_366' title='bbox 258 4725 379 4783; x_wconf 83' lang='lat' dir='ltr'>lnrlionlns</span> <span class='ocrx_word' id='word_1_367' title='bbox 398 4731 498 4799; x_wconf 83' lang='lat' dir='ltr'>aliquot</span> <span class='ocrx_word' id='word_1_368' title='bbox 513 4727 695 4782; x_wconf 84' lang='lat' dir='ltr'>consulomsd</span> <span class='ocrx_word' id='word_1_369' title='bbox 711 4726 806 4780; x_wconf 89' lang='lat' dir='ltr'>intelli·</span> <span class='ocrx_word' id='word_1_370' title='bbox 890 4727 973 4781; x_wconf 88' lang='lat' dir='ltr'>tribua</span> <span class='ocrx_word' id='word_1_371' title='bbox 1351 4726 1410 4782; x_wconf 92' lang='grc'><strong>363.</strong></span> 
     </span>
     <span class='ocr_line' id='line_1_49' title="bbox 286 4811 1414 4884; baseline -0.002 -18"><span class='ocrx_word' id='word_1_372' title='bbox 286 4814 393 4881; x_wconf 75' lang='lat' dir='ltr'>pendam</span> <span class='ocrx_word' id='word_1_373' title='bbox 424 4814 551 4868; x_wconf 67' lang='lat' dir='ltr'>neonem</span> <span class='ocrx_word' id='word_1_374' title='bbox 582 4815 645 4867; x_wconf 84' lang='lat' dir='ltr'>soni</span> <span class='ocrx_word' id='word_1_375' title='bbox 676 4811 805 4866; x_wconf 83' lang='lat' dir='ltr'>bisextilis</span> <span class='ocrx_word' id='word_1_376' title='bbox 855 4813 904 4867; x_wconf 83' lang='lat' dir='ltr'>Jus</span> <span class='ocrx_word' id='word_1_377' title='bbox 921 4812 1025 4884; x_wconf 85' lang='lat' dir='ltr'>imperii</span> <span class='ocrx_word' id='word_1_378' title='bbox 1043 4813 1112 4884; x_wconf 83' lang='lat' dir='ltr'>qnod</span> <span class='ocrx_word' id='word_1_379' title='bbox 1129 4811 1414 4884; x_wconf 79' lang='lat' dir='ltr'>regeselbiulndleant</span> 
     </span>
     <span class='ocr_line' id='line_1_50' title="bbox 531 4895 1413 4954; baseline 0.001 -3"><span class='ocrx_word' id='word_1_380' title='bbox 531 4897 588 4952; x_wconf 89' lang='grc'><strong>100.</strong></span> <span class='ocrx_word' id='word_1_381' title='bbox 606 4899 662 4954; x_wconf 89' lang='grc'><strong>101.</strong></span> <span class='ocrx_word' id='word_1_382' title='bbox 676 4897 733 4951; x_wconf 87' lang='grc'><strong>103.</strong></span> <span class='ocrx_word' id='word_1_383' title='bbox 747 4895 804 4952; x_wconf 91' lang='grc'><strong>103.</strong></span> <span class='ocrx_word' id='word_1_384' title='bbox 1355 4897 1413 4953; x_wconf 77' lang='grc'><strong>334.</strong></span> 
     </span>
    </p>
   </div>
   <div class='ocr_carea' id='block_1_8' title="bbox 0 0 1846 5642">
    <p class='ocr_par' dir='ltr' id='par_1_9' title="bbox 0 0 1846 5642">
     <span class='ocr_line' id='line_1_51' title="bbox 0 0 1846 5642; baseline 0 0"><span class='ocrx_word' id='word_1_385' title='bbox 0 0 1846 5642; x_wconf 95' lang='lat' dir='ltr'> </span> 
     </span>
    </p>
   </div>
  </div>
 </body>
</html>
