3650 5642
1279 600 1371 659 (lelV

237 751 307 807 eriam
316 752 426 807 verbum
434 754 542 807 nullum
559 754 681 825 Alioquin
691 754 795 807 sublata
805 754 891 809 emole
901 760 971 809 esset
980 754 1025 809 illa
1036 754 1067 809 de
1078 752 1149 809 Eliae
1165 757 1296 827 quaestio,
1308 756 1332 810 si
1343 756 1374 810 de
1472 796 1480 811 r

238 854 281 907 qua
290 838 355 891 tnbu
364 844 444 892 natm
453 844 524 892 esset
533 840 575 893 rel
584 840 715 893 levissime
725 839 892 910 significaret

293 922 439 994 Eqmpasn
447 921 490 993 pic
499 921 546 994 γὰρ
554 926 661 991 τοῦτον]
678 924 718 978 lta
726 925 838 979 amisse
846 924 954 979 ludaeos
964 925 1077 979 declarat
1083 927 1187 982 Hieron.
1198 926 1230 981 ad
1235 926 1375 996 Evagriurn

236 1006 305 1077 Epist.
315 1022 405 1064 exxva
422 1014 448 1063 et
461 1026 496 1063 ex
506 1008 635 1063 Midraech
646 1010 738 1080 hgeda
753 1010 828 1064 docet
844 1010 874 1063 E
886 1009 1010 1063 Selomoh
1026 1012 1053 1064 in
1069 1028 1121 1065 xrv.
1136 1010 1200 1067 Gen.
1218 1028 1264 1065 nee
1280 1028 1334 1065 non
1349 1016 1375 1064 et

237 1092 299 1145 Alea
315 1093 407 1149 lleara
440 1093 494 1149 Neo
510 1094 685 1159 dubiumst,
706 1096 769 1165 quin
784 1112 819 1149 ex
834 1095 1010 1149 Hebraeorum
1026 1102 1051 1149 et
1065 1096 1217 1151 Latinorum
1231 1096 1374 1151 rationibus

237 1185 366 1247 wnfflumt
382 1186 508 1250 tempora.
541 1178 609 1233 Nem
619 1179 766 1234 Abrahamo
782 1180 927 1251 supervixit
942 1180 1003 1233 Sem
1015 1197 1097 1235 annue
1109 1200 1188 1237 xxxv.
1222 1184 1257 1235 At
1272 1198 1306 1235 ex
1322 1198 1376 1235 cxx

237 1262 352 1317 seniorum
362 1263 477 1319 editione
486 1280 651 1335 nequequam
663 1265 831 1330 conveniunt,
847 1270 877 1318 ut
890 1272 959 1319 recte
976 1266 1074 1335 colligit
1089 1264 1257 1337 Epiphanius.
1280 1267 1376 1320 Verum

238 1344 314 1401 dehac
322 1348 479 1404 Iudaeorum
489 1358 536 1403 aut
545 1350 768 1406 Samaritanorum
779 1351 913 1421 opinione,
930 1366 959 1403 ac
975 1354 1081 1405 caeteris
1094 1351 1124 1405 de
1135 1350 1321 1405 Melchisedeco
1333 1368 1376 1405 ve·

238 1438 307 1485 terem
316 1435 461 1500 erroribus,
471 1435 587 1506 pluribus
599 1437 655 1506 agit
664 1436 768 1490 Hieron.
781 1436 839 1490 loce
851 1437 944 1500 citato,
960 1436 1135 1506 copiosissime
1147 1453 1206 1491 sero
1222 1438 1375 1491 recentiores

238 1531 353 1573 marum
368 1520 505 1575 literarum
519 1521 671 1592 interpretes
687 1528 715 1575 et
729 1520 893 1591 chronologi;
912 1526 942 1575 ut
962 1538 991 1575 ee
1012 1522 1098 1576 minus
1117 1522 1145 1575 iu
1161 1520 1210 1575 hac
1226 1524 1376 1591 quaestione

238 1604 373 1659 commereri
383 1622 492 1660 nmeeee
503 1606 545 1659 eit

290 1686 350 1741 Ὅτε
360 1688 411 1762 γὰρ
421 1689 533 1761 Ἀβραὰμ
544 1690 671 1762 ὑπῆρχεν]
692 1690 784 1745 Falsus
800 1697 842 1744 est
855 1691 955 1761 aliquot
970 1692 1045 1745 annis
1057 1708 1178 1745 numerus
1189 1692 1246 1745 iste.
1269 1691 1336 1745 Nam
1347 1697 1377 1745 ut

238 1790 263 1825 cr
274 1774 360 1829 (leuca
368 1793 426 1832 xva
437 1792 494 1847 cap.
506 1782 619 1842 consul,
634 1794 723 1831 cxxxv
734 1776 863 1829 duntaxat
877 1793 1005 1831 annorum
1017 1782 1071 1831 erat
1081 1778 1225 1831 Abraamue
1237 1792 1295 1831 cum
1307 1778 1376 1847 Agar

238 1860 340 1913 uellam
351 1860 443 1926 duxit,
454 1862 523 1932 quod
533 1862 662 1932 posteriue
674 1867 715 1915 est
725 1861 890 1931 expeditione
900 1862 947 1915 ille
957 1869 1047 1915 contra
1058 1878 1133 1933 reges
1145 1880 1180 1918 rr.

290 1944 333 1996 Καὶ
343 1943 458 2015 ἐξέβαλον
470 1945 539 2016 αὐτῷ
550 1944 644 2018 ipson]
677 1946 805 2016 Egregius
821 1944 863 1999 hie
877 1948 950 2001 locus
967 1948 999 2000 ad
1012 1948 1134 2001 tuendam
1146 1949 1179 2001 ab
1190 1948 1377 2001 haereticorum

239 2029 357 2084 mannus
372 2048 541 2086 communem
555 2032 604 2085 PP.
621 2032 737 2085 omnium
753 2032 916 2085 autoritatem
932 2048 962 2085 ao
978 2034 1146 2098 sententiam,
1163 2034 1208 2104 qui
1219 2050 1252 2086 cx
1263 2034 1314 2086 illis
1328 2032 1376 2087 Ge-

239 2130 314 2169 ueeeoe
323 2117 412 2171 verbis
424 2116 549 2171 deducere
558 2118 657 2182 solent,
668 2115 883 2170 Melchisedecunt
892 2116 925 2169 ad
934 2132 1010 2170 usum
1019 2118 1138 2171 sacrificii
1146 2134 1239 2188 panem
1252 2124 1278 2171 et
1288 2120 1377 2173 vinum

240 2202 371 2267 pretulim,
389 2208 418 2256 et
431 2218 463 2255 eo
473 2203 531 2273 ipso
542 2201 683 2257 acacriiicio
694 2203 856 2255 incruentum
868 2200 963 2255 Christi
974 2203 1087 2272 corporis
1099 2218 1130 2255 ec
1142 2204 1277 2273 sanguinis
1289 2204 1377 2257 adum-

241 2284 311 2340 brmee
320 2278 488 2341 aeodficium.
521 2286 596 2351 Quod
607 2293 631 2340 et
642 2288 746 2341 Ilieron.
758 2287 832 2341 docet
841 2286 959 2357 Epistola
975 2286 1007 2339 ad
1018 2287 1111 2356 livagr.
1124 2294 1150 2341 et
1160 2294 1269 2353 veteres,
1286 2290 1323 2342 uti
1340 2290 1377 2343 di-

242 2377 298 2424 ctnn‘
305 2380 356 2439 eet,
366 2372 558 2443 propemodum
568 2388 672 2438 omnee3
685 2388 795 2443 quorum
805 2373 954 2427 testimonia
964 2389 981 2425 a
992 2371 1123 2425 catholicis
1135 2374 1302 2443 scriptoribus
1313 2376 1377 2427 iam·

241 2453 320 2510 ludum
332 2458 453 2512 studiose
469 2459 577 2512 collecta
591 2464 660 2511 eunt.
702 2456 755 2511 Sed
771 2458 883 2511 eximius
899 2464 977 2527 atque
991 2458 1118 2528 imprimis
1134 2457 1244 2511 disertm
1261 2465 1313 2524 est,
1334 2460 1379 2529 qui

241 2539 290 2594 nili
299 2543 362 2597 ierte
373 2560 447 2598 nunc
459 2544 570 2598 occurrit
579 2543 720 2598 Clementis
731 2542 858 2596 Alexand
868 2544 941 2596 locus
952 2542 996 2597 lib.
1006 2560 1041 2597 ιν.
1054 2543 1149 2597 Strum.
1171 2542 1321 2613 Μελχισεδὲκ
1334 2544 1378 2612 βα-

243 2624 304 2687 aab<
313 2627 416 2699 Σολὴμ,
429 2626 443 2679 ὁ
454 2627 528 2699 ἱερεὺς
539 2633 584 2681 τοῦ
596 2628 651 2681 θεοῦ
663 2632 707 2680 τοῦ
719 2626 833 2698 ὑψίστου,
846 2623 859 2678 b
871 2626 914 2678 τον
926 2621 1089 2680 cicuticines
1100 2624 1171 2699 ἄρτον
1181 2626 1378 2700 τὴνὴγιαομένην

243 2708 305 2771 &debe
315 2711 407 2784 τροφὴν
420 2711 452 2775 εἰς
463 2714 540 2766 τόπον
551 2712 711 2785 εὐχαριστίας.
733 2712 799 2766 Vide
809 2713 920 2783 August
931 2712 1012 2783 Epist.
1025 2728 1085 2767 xcv.

293 2794 321 2850 ‘⁰
331 2798 359 2851 el
368 2803 416 2852 τοῦ
429 2797 542 2870 ‘Appulus
552 2800 652 2869 πατήρ]
676 2797 750 2862 Quod
760 2799 919 2851 Abraamum
931 2814 999 2851 annu
1011 2798 1103 2852 aetafie
1115 2814 1177 2853 enee
1189 2816 1249 2853 cxx.
1261 2802 1380 2871 genuerit

243 2877 309 2934 There
317 2883 414 2939 &erte
424 2884 552 2955 scriptura
563 2886 649 2949 docet,
666 2898 697 2936 ac
714 2883 954 2953 tergiversationem
971 2900 1073 2937 omnem
1085 2884 1205 2938 excludit.
1238 2885 1292 2939 Neo
1306 2886 1380 2939 aliter

244 2968 392 3023 letuetieeimi
404 2970 502 3041 quique
512 2975 598 3041 patres
609 2985 670 3023 eum
681 2968 769 3022 locum
778 2970 938 3039 interpretati
949 2975 1019 3034 sunt,
1036 2974 1065 3022 nt
1075 2970 1117 3023 rel
1128 2970 1269 3023 contrariae
1282 2971 1379 3041 opinio·

244 3050 275 3102 ei!
286 3055 385 3122 petroni
399 3054 480 3109 interi
494 3060 629 3125 coguntur,
646 3055 691 3124 qul
706 3059 796 3107 oenus
806 3055 888 3108 liceis
900 3054 1078 3119 autoritatem,
1094 3070 1148 3107 non
1159 3072 1228 3120 cxx,
1241 3054 1286 3107 sed
1299 3070 1378 3110 cxxx.

244 3133 310 3191 There
323 3155 392 3194 anno
410 3145 503 3193 natum
518 3137 692 3211 patriarcham
708 3138 827 3192 sidentur
843 3152 965 3191 asserere.
997 3138 1113 3191 Viderint
1122 3138 1161 3191 illi
1172 3154 1250 3209 quam
1261 3145 1330 3193 recte
1341 3146 1380 3195 tot

244 3222 400 3290 molum,
411 3224 529 3296 adeoque
539 3224 588 3279 PP.
600 3224 718 3279 omnium
729 3239 884 3278 consensum
894 3222 1036 3292 repudient.
1070 3222 1123 3301 llos
1139 3238 1204 3293 qnae
1221 3224 1254 3276 ab
1269 3225 1320 3277 illis
1335 3243 1379 3296 op-

244 3316 354 3371 ponuntur
363 3310 434 3364 tanti
444 3326 502 3364 eeae
512 3326 567 3365 non
577 3310 718 3376 credimus,
729 3315 759 3363 ut
768 3314 904 3380 propterea
914 3308 999 3361 lucere
1010 3306 1116 3361 meridie
1127 3308 1276 3377 negandum
1287 3310 1329 3364 sit.

295 3393 419 3451 hmrero
429 3393 478 3449 heo
489 3396 517 3449 in
528 3395 724 3467 generationum
734 3395 904 3465 descriptione
916 3408 970 3447 eon
981 3394 1014 3446 ab
1025 3392 1156 3447 Hebraicis
1167 3392 1244 3447 modo
1255 3392 1379 3461 lontibus,

246 3476 279 3528 bd
287 3480 360 3534 eliam
370 3496 389 3534 a
398 3481 597 3535 maeniorum
607 3481 735 3546 numech,
747 3479 890 3534 cuiusmodi
900 3477 976 3533 hodie
988 3484 1090 3544 extant,
1102 3480 1204 3533 aberrat
1212 3478 1379 3550 Epiphanius.

245 3557 302 3617 Dabo
315 3563 356 3620 hie
366 3567 546 3621 Hebraeorum
562 3582 593 3621 ae
604 3566 762 3621 Graecorum
777 3565 882 3630 seriem,
897 3570 928 3618 ut
943 3579 1009 3635 quae
1027 3564 1187 3619 observanda
1201 3570 1263 3619 sunt
1276 3564 1379 3621 iaciline

247 3648 335 3720 omne
343 3651 480 3723 ΜΡΝ

253 3806 413 3867 Hebraeum
427 3814 567 3868 etLatino·
636 3812 920 3884 Exeditionevulgeta
1004 3794 1132 3849 Vinium
1146 3802 1206 3865 P⁰⁸t
1313 3816 1319 3829 ‘

322 3914 380 3952 m
395 3899 483 3953 ‚ara
675 3898 879 3952 uncum·
977 3870 1230 3982 stultitiis

247 4034 497 4114 &pomerium

270 4113 352 4177 munit
362 4128 433 4168 anno
546 4111 563 4166 2
622 4110 685 4166 Sem
696 4128 764 4166 anno
923 4110 939 4165 2

246 4173 368 4297 ww
530 4180 563 4234 35
621 4179 760 4263 Arphaxad
891 4178 939 4232 135

530 4248 565 4302 30
622 4248 721 4302 (lernau
891 4246 940 4301 130

530 4316 564 4370 34
622 4317 686 4370 Sala
891 4314 940 4367 130
1026 4346 1037 4361 .

530 4382 564 4438 30
621 4384 690 4438 Ebur
890 4381 940 4434 134

530 4450 563 4505 32
621 4450 720 4521 Phaleg
891 4448 940 4501 130

530 4518 565 4573 30
621 4520 679 4573 lieu
891 4516 939 4569 132

530 4586 564 4641 29
622 4587 723 4642 Seraeh
891 4582 940 4637 130

531 4655 565 4709 lo
622 4655 725 4710 Nachor
891 4651 939 4705 179

622 4723 707 4777 There
906 4718 940 4773 70

252 4851 513 4907 &lienus-saecum
608 4860 824 4911 colummerios

270 4930 392 4969 eruamur
517 4910 566 4965 292
592 4844 598 4981 1
633 4929 767 4971 cremant
824 4859 942 4960 wilm
970 4840 975 4975 ι
1142 4956 1183 5013 N.

1405 3434 1427 3476 p.
1435 3422 1480 3466 lli.

1389 5123 1546 5257 Δ
