<?xml version="1.0" encoding="UTF-8"?>
<!DOCTYPE html PUBLIC "-//W3C//DTD XHTML 1.0 Transitional//EN"
    "http://www.w3.org/TR/xhtml1/DTD/xhtml1-transitional.dtd">
<html xmlns="http://www.w3.org/1999/xhtml" xml:lang="en" lang="en">
 <head>
  <title>
</title>
<meta http-equiv="Content-Type" content="text/html;charset=utf-8" />
  <meta name='ocr-system' content='tesseract 3.04.00' />
  <meta name='ocr-capabilities' content='ocr_page ocr_carea ocr_par ocr_line ocrx_word'/>
</head>
<body>
  <div class='ocr_page' id='page_1' title='image "./sepiphaniiepisc00epipgoog_0095.png"; bbox 0 0 3650 5642; ppageno 0'>
   <div class='ocr_carea' id='block_1_1' title="bbox 1249 609 1366 669">
    <p class='ocr_par' dir='ltr' id='par_1_1' title="bbox 1249 609 1366 669">
     <span class='ocr_line' id='line_1_1' title="bbox 1249 609 1366 669; baseline 0.009 -1"><span class='ocrx_word' id='word_1_1' title='bbox 1249 609 1366 669; x_wconf 70' lang='lat' dir='ltr'>lxxxi</span> 
     </span>
    </p>
   </div>
   <div class='ocr_carea' id='block_1_2' title="bbox 228 764 1453 4669">
    <p class='ocr_par' dir='ltr' id='par_1_2' title="bbox 232 764 1367 1180">
     <span class='ocr_line' id='line_1_2' title="bbox 288 764 1365 839; baseline 0.001 -20"><span class='ocrx_word' id='word_1_2' title='bbox 288 765 328 819; x_wconf 78' lang='lat' dir='ltr'>iel</span> <span class='ocrx_word' id='word_1_3' title='bbox 339 764 458 837; x_wconf 76' lang='grc' dir='ltr'>Κλοίβιον,</span> <span class='ocrx_word' id='word_1_4' title='bbox 470 766 549 823; x_wconf 74' lang='lat' dir='ltr'>circus</span> <span class='ocrx_word' id='word_1_5' title='bbox 560 764 736 839; x_wconf 75' lang='grc' dir='ltr'>Κλεόβουλον]</span> <span class='ocrx_word' id='word_1_6' title='bbox 767 764 885 839; x_wconf 72' lang='lat' dir='ltr'>ignotius</span> <span class='ocrx_word' id='word_1_7' title='bbox 894 767 928 823; x_wconf 81' lang='lat' dir='ltr'>ed</span> <span class='ocrx_word' id='word_1_8' title='bbox 938 766 1097 822; x_wconf 74' lang='lat' dir='ltr'>Trullieuos:</span> <span class='ocrx_word' id='word_1_9' title='bbox 1109 765 1217 839; x_wconf 75' lang='grc' dir='ltr'>Φίύγνον</span> <span class='ocrx_word' id='word_1_10' title='bbox 1227 767 1269 821; x_wconf 76' lang='lat' dir='ltr'>sui</span> <span class='ocrx_word' id='word_1_11' title='bbox 1279 767 1311 820; x_wconf 76' lang='lat' dir='ltr'>ric</span> <span class='ocrx_word' id='word_1_12' title='bbox 1321 772 1365 820; x_wconf 75' lang='grc' dir='ltr'>τοῦ</span> 
     </span>
     <span class='ocr_line' id='line_1_3' title="bbox 234 849 1367 924; baseline 0.003 -19"><span class='ocrx_word' id='word_1_13' title='bbox 234 856 325 920; x_wconf 63' lang='lat' dir='ltr'>sopor</span> <span class='ocrx_word' id='word_1_14' title='bbox 335 849 429 924; x_wconf 73' lang='grc' dir='ltr'>ἔγγονα,</span> <span class='ocrx_word' id='word_1_15' title='bbox 441 852 562 907; x_wconf 73' lang='grc' dir='ltr'>Θεόδοτον</span> <span class='ocrx_word' id='word_1_16' title='bbox 572 853 613 907; x_wconf 77' lang='lat' dir='ltr'>uui</span> <span class='ocrx_word' id='word_1_17' title='bbox 621 852 775 923; x_wconf 72' lang='grc' dir='ltr'>Κλεόβουλον</span> <span class='ocrx_word' id='word_1_18' title='bbox 787 852 818 905; x_wconf 79' lang='grc' dir='ltr'>τὰ</span> <span class='ocrx_word' id='word_1_19' title='bbox 827 854 948 924; x_wconf 77' lang='grc' dir='ltr'>γεννῶντα</span> <span class='ocrx_word' id='word_1_20' title='bbox 956 853 1050 924; x_wconf 74' lang='grc' dir='ltr'>καρπον</span> <span class='ocrx_word' id='word_1_21' title='bbox 1059 852 1234 923; x_wconf 73' lang='grc' dir='ltr'>θανατηφόρον.</span> <span class='ocrx_word' id='word_1_22' title='bbox 1252 851 1303 907; x_wconf 87' lang='lat' dir='ltr'>Ubi</span> <span class='ocrx_word' id='word_1_23' title='bbox 1312 870 1367 907; x_wconf 85' lang='lat' dir='ltr'>nou</span> 
     </span>
     <span class='ocr_line' id='line_1_4' title="bbox 232 934 1366 1011; baseline 0 -22"><span class='ocrx_word' id='word_1_24' title='bbox 232 934 395 991; x_wconf 66' lang='lat' dir='ltr'>Nicetium</span> <span class='ocrx_word' id='word_1_25' title='bbox 405 940 559 1011; x_wconf 71' lang='lat' dir='ltr'>propagines</span> <span class='ocrx_word' id='word_1_26' title='bbox 569 940 635 993; x_wconf 87' lang='lat' dir='ltr'>istos</span> <span class='ocrx_word' id='word_1_27' title='bbox 645 939 726 993; x_wconf 80' lang='lat' dir='ltr'>fuisse</span> <span class='ocrx_word' id='word_1_28' title='bbox 738 938 824 1004; x_wconf 85' lang='lat' dir='ltr'>docet,</span> <span class='ocrx_word' id='word_1_29' title='bbox 842 945 871 993; x_wconf 86' lang='lat' dir='ltr'>ut</span> <span class='ocrx_word' id='word_1_30' title='bbox 885 944 925 991; x_wconf 90' lang='lat' dir='ltr'>est</span> <span class='ocrx_word' id='word_1_31' title='bbox 934 938 963 991; x_wconf 88' lang='lat' dir='ltr'>in</span> <span class='ocrx_word' id='word_1_32' title='bbox 974 938 1066 991; x_wconf 77' lang='lat' dir='ltr'>Annei.</span> <span class='ocrx_word' id='word_1_33' title='bbox 1072 977 1079 1003; x_wconf 88' lang='lat'>,</span> <span class='ocrx_word' id='word_1_34' title='bbox 1091 938 1138 991; x_wconf 83' lang='lat' dir='ltr'>sed</span> <span class='ocrx_word' id='word_1_35' title='bbox 1149 943 1194 990; x_wconf 75' lang='grc' dir='ltr'>τοῦ</span> <span class='ocrx_word' id='word_1_36' title='bbox 1205 942 1314 1009; x_wconf 74' lang='grc' dir='ltr'>πονηροῦ</span> <span class='ocrx_word' id='word_1_37' title='bbox 1325 935 1366 1009; x_wconf 73' lang='grc' dir='ltr'>ἱγ-</span> 
     </span>
     <span class='ocr_line' id='line_1_5' title="bbox 233 1020 1366 1094; baseline 0.004 -23"><span class='ocrx_word' id='word_1_38' title='bbox 233 1038 292 1091; x_wconf 62' lang='lat' dir='ltr'>poe,</span> <span class='ocrx_word' id='word_1_39' title='bbox 306 1020 353 1077; x_wconf 86' lang='lat' dir='ltr'>hoe</span> <span class='ocrx_word' id='word_1_40' title='bbox 367 1030 407 1077; x_wconf 86' lang='lat' dir='ltr'>est</span> <span class='ocrx_word' id='word_1_41' title='bbox 422 1024 554 1079; x_wconf 85' lang='lat' dir='ltr'>dremonis</span> <span class='ocrx_word' id='word_1_42' title='bbox 570 1024 664 1079; x_wconf 87' lang='lat' dir='ltr'>foetus.</span> <span class='ocrx_word' id='word_1_43' title='bbox 693 1023 821 1094; x_wconf 78' lang='lat' dir='ltr'><strong>Imposuit</strong></span> <span class='ocrx_word' id='word_1_44' title='bbox 831 1023 971 1077; x_wconf 80' lang='lat' dir='ltr'>hunslium</span> <span class='ocrx_word' id='word_1_45' title='bbox 982 1023 1101 1093; x_wconf 73' lang='lat' dir='ltr'>scriptori</span> <span class='ocrx_word' id='word_1_46' title='bbox 1112 1022 1220 1077; x_wconf 80' lang='lat' dir='ltr'>bstinns</span> <span class='ocrx_word' id='word_1_47' title='bbox 1231 1023 1366 1093; x_wconf 86' lang='lat' dir='ltr'>interpres,</span> 
     </span>
     <span class='ocr_line' id='line_1_6' title="bbox 233 1106 835 1180; baseline 0.01 -22"><span class='ocrx_word' id='word_1_48' title='bbox 233 1106 267 1173; x_wconf 82' lang='lat' dir='ltr'>qn</span> <span class='ocrx_word' id='word_1_49' title='bbox 276 1107 308 1159; x_wconf 75' lang='lat' dir='ltr'>itu</span> <span class='ocrx_word' id='word_1_50' title='bbox 317 1108 407 1161; x_wconf 70' lang='lat' dir='ltr'>reddito</span> <span class='ocrx_word' id='word_1_51' title='bbox 419 1109 512 1178; x_wconf 73' lang='lat' dir='ltr'>Fugite</span> <span class='ocrx_word' id='word_1_52' title='bbox 519 1114 637 1180; x_wconf 80' lang='lat' dir='ltr'>peruersi</span> <span class='ocrx_word' id='word_1_53' title='bbox 646 1112 717 1163; x_wconf 77' lang='lat' dir='ltr'>iilius</span> <span class='ocrx_word' id='word_1_54' title='bbox 728 1116 835 1179; x_wconf 78' lang='lat' dir='ltr'>nepotes.</span> 
     </span>
    </p>

    <p class='ocr_par' dir='ltr' id='par_1_3' title="bbox 230 1192 1367 1777">
     <span class='ocr_line' id='line_1_7' title="bbox 285 1192 1366 1265; baseline 0.004 -22"><span class='ocrx_word' id='word_1_55' title='bbox 285 1192 363 1261; x_wconf 68' lang='lat' dir='ltr'>bppiv</span> <span class='ocrx_word' id='word_1_56' title='bbox 375 1194 414 1245; x_wconf 76' lang='lat' dir='ltr'>sel</span> <span class='ocrx_word' id='word_1_57' title='bbox 426 1192 595 1265; x_wconf 72' lang='grc' dir='ltr'>Ἑρμογένην]</span> <span class='ocrx_word' id='word_1_58' title='bbox 628 1193 803 1249; x_wconf 81' lang='lat' dir='ltr'>Theodoretue</span> <span class='ocrx_word' id='word_1_59' title='bbox 815 1194 848 1247; x_wconf 82' lang='lat' dir='ltr'>erl</span> <span class='ocrx_word' id='word_1_60' title='bbox 859 1212 888 1250; x_wconf 87' lang='lat' dir='ltr'>rr.</span> <span class='ocrx_word' id='word_1_61' title='bbox 901 1194 968 1247; x_wconf 75' lang='lat' dir='ltr'>iim.</span> <span class='ocrx_word' id='word_1_62' title='bbox 980 1210 1002 1247; x_wconf 89' lang='lat' dir='ltr'>c.</span> <span class='ocrx_word' id='word_1_63' title='bbox 1013 1193 1038 1247; x_wconf 83' lang='lat'>4.</span> <span class='ocrx_word' id='word_1_64' title='bbox 1050 1192 1160 1247; x_wconf 85' lang='lat' dir='ltr'>eundem</span> <span class='ocrx_word' id='word_1_65' title='bbox 1171 1192 1246 1247; x_wconf 88' lang='lat' dir='ltr'>illum</span> <span class='ocrx_word' id='word_1_66' title='bbox 1257 1193 1366 1247; x_wconf 75' lang='lat' dir='ltr'>Domum</span> 
     </span>
     <span class='ocr_line' id='line_1_8' title="bbox 232 1278 1366 1350; baseline -0.002 -17"><span class='ocrx_word' id='word_1_67' title='bbox 232 1290 277 1327; x_wconf 75' lang='lat' dir='ltr'>tere</span> <span class='ocrx_word' id='word_1_68' title='bbox 291 1280 419 1349; x_wconf 73' lang='lat' dir='ltr'>percoqui</span> <span class='ocrx_word' id='word_1_69' title='bbox 439 1278 533 1350; x_wconf 81' lang='lat' dir='ltr'>Eped</span> <span class='ocrx_word' id='word_1_70' title='bbox 547 1278 977 1343; x_wconf 74' lang='lat' dir='ltr'>Pessem.etcoless.4.1auratn‚</span> <span class='ocrx_word' id='word_1_71' title='bbox 994 1278 1090 1349; x_wconf 85' lang='lat' dir='ltr'>quiquo</span> <span class='ocrx_word' id='word_1_72' title='bbox 1105 1280 1239 1331; x_wconf 76' lang='lat' dir='ltr'>soeculum</span> <span class='ocrx_word' id='word_1_73' title='bbox 1256 1278 1366 1349; x_wconf 85' lang='lat' dir='ltr'>diligens</span> 
     </span>
     <span class='ocr_line' id='line_1_9' title="bbox 232 1360 1367 1434; baseline 0.004 -21"><span class='ocrx_word' id='word_1_74' title='bbox 232 1360 303 1415; x_wconf 74' lang='lat' dir='ltr'>thoe</span> <span class='ocrx_word' id='word_1_75' title='bbox 312 1362 390 1417; x_wconf 81' lang='lat' dir='ltr'>Peulo</span> <span class='ocrx_word' id='word_1_76' title='bbox 402 1364 529 1420; x_wconf 74' lang='lat' dir='ltr'>discmsit.</span> <span class='ocrx_word' id='word_1_77' title='bbox 552 1364 604 1419; x_wconf 83' lang='lat' dir='ltr'>Sed</span> <span class='ocrx_word' id='word_1_78' title='bbox 615 1370 715 1419; x_wconf 87' lang='lat' dir='ltr'>mutsto</span> <span class='ocrx_word' id='word_1_79' title='bbox 727 1364 835 1418; x_wconf 88' lang='lat' dir='ltr'>oonsilio</span> <span class='ocrx_word' id='word_1_80' title='bbox 848 1364 880 1417; x_wconf 83' lang='lat' dir='ltr'>sd</span> <span class='ocrx_word' id='word_1_81' title='bbox 892 1364 1002 1417; x_wconf 87' lang='lat' dir='ltr'>Psulum</span> <span class='ocrx_word' id='word_1_82' title='bbox 1012 1364 1148 1417; x_wconf 78' lang='lat' dir='ltr'>revertisse</span> <span class='ocrx_word' id='word_1_83' title='bbox 1160 1364 1265 1434; x_wconf 79' lang='lat' dir='ltr'>quidum</span> <span class='ocrx_word' id='word_1_84' title='bbox 1276 1364 1367 1417; x_wconf 83' lang='lat' dir='ltr'>existi-</span> 
     </span>
     <span class='ocr_line' id='line_1_10' title="bbox 231 1447 1366 1520; baseline 0.004 -22"><span class='ocrx_word' id='word_1_85' title='bbox 231 1454 294 1499; x_wconf 82' lang='lat' dir='ltr'>ment</span> <span class='ocrx_word' id='word_1_86' title='bbox 309 1447 438 1519; x_wconf 72' lang='lat' dir='ltr'>Ghrpsost.</span> <span class='ocrx_word' id='word_1_87' title='bbox 446 1466 508 1503; x_wconf 77' lang='lat' dir='ltr'>vero</span> <span class='ocrx_word' id='word_1_88' title='bbox 519 1456 578 1520; x_wconf 86' lang='lat' dir='ltr'>poet</span> <span class='ocrx_word' id='word_1_89' title='bbox 588 1450 757 1504; x_wconf 80' lang='lat' dir='ltr'>honorificem</span> <span class='ocrx_word' id='word_1_90' title='bbox 769 1450 841 1503; x_wconf 85' lang='lat' dir='ltr'>illem</span> <span class='ocrx_word' id='word_1_91' title='bbox 853 1448 884 1501; x_wconf 89' lang='lat' dir='ltr'>de</span> <span class='ocrx_word' id='word_1_92' title='bbox 895 1466 927 1502; x_wconf 90' lang='lat' dir='ltr'>eo</span> <span class='ocrx_word' id='word_1_93' title='bbox 938 1449 1096 1503; x_wconf 87' lang='lat' dir='ltr'>mentionem</span> <span class='ocrx_word' id='word_1_94' title='bbox 1107 1447 1211 1503; x_wconf 84' lang='lat' dir='ltr'>sPsulo</span> <span class='ocrx_word' id='word_1_95' title='bbox 1220 1450 1366 1503; x_wconf 89' lang='lat' dir='ltr'>seiunctum</span> 
     </span>
     <span class='ocr_line' id='line_1_11' title="bbox 231 1532 1367 1605; baseline 0.004 -21"><span class='ocrx_word' id='word_1_96' title='bbox 231 1546 275 1583; x_wconf 82' lang='lat' dir='ltr'>esse</span> <span class='ocrx_word' id='word_1_97' title='bbox 286 1537 367 1603; x_wconf 59' lang='lat' dir='ltr'>punt:</span> <span class='ocrx_word' id='word_1_98' title='bbox 384 1540 415 1587; x_wconf 86' lang='lat' dir='ltr'>ut</span> <span class='ocrx_word' id='word_1_99' title='bbox 429 1535 474 1588; x_wconf 86' lang='lat' dir='ltr'>ilis</span> <span class='ocrx_word' id='word_1_100' title='bbox 490 1534 716 1591; x_wconf 67' lang='lat' dir='ltr'>termemeno</span> <span class='ocrx_word' id='word_1_101' title='bbox 727 1554 756 1590; x_wconf 83' lang='grc' dir='ltr'>ιι.</span> <span class='ocrx_word' id='word_1_102' title='bbox 769 1534 802 1587; x_wconf 84' lang='lat' dir='ltr'>sd</span> <span class='ocrx_word' id='word_1_103' title='bbox 814 1532 927 1589; x_wconf 79' lang='lat' dir='ltr'>Timoth.</span> <span class='ocrx_word' id='word_1_104' title='bbox 939 1535 1036 1605; x_wconf 81' lang='lat' dir='ltr'>scripte</span> <span class='ocrx_word' id='word_1_105' title='bbox 1052 1534 1095 1589; x_wconf 88' lang='lat' dir='ltr'>sit.</span> <span class='ocrx_word' id='word_1_106' title='bbox 1129 1533 1197 1587; x_wconf 81' lang='lat' dir='ltr'>Fieri</span> <span class='ocrx_word' id='word_1_107' title='bbox 1213 1539 1310 1604; x_wconf 91' lang='lat' dir='ltr'>potest,</span> <span class='ocrx_word' id='word_1_108' title='bbox 1328 1535 1367 1588; x_wconf 86' lang='lat' dir='ltr'>uti</span> 
     </span>
     <span class='ocr_line' id='line_1_12' title="bbox 230 1614 1367 1690; baseline 0.006 -24"><span class='ocrx_word' id='word_1_109' title='bbox 230 1614 268 1669; x_wconf 81' lang='lat' dir='ltr'>huo</span> <span class='ocrx_word' id='word_1_110' title='bbox 283 1618 393 1673; x_wconf 85' lang='lat' dir='ltr'>eiusdem</span> <span class='ocrx_word' id='word_1_111' title='bbox 407 1620 521 1673; x_wconf 86' lang='lat' dir='ltr'>numinis</span> <span class='ocrx_word' id='word_1_112' title='bbox 533 1620 630 1673; x_wconf 78' lang='lat' dir='ltr'>Demse</span> <span class='ocrx_word' id='word_1_113' title='bbox 644 1620 748 1675; x_wconf 81' lang='lat' dir='ltr'>fuerint.</span> <span class='ocrx_word' id='word_1_114' title='bbox 771 1619 846 1690; x_wconf 83' lang='lat' dir='ltr'>epud</span> <span class='ocrx_word' id='word_1_115' title='bbox 857 1619 942 1689; x_wconf 83' lang='lat' dir='ltr'>lgnst</span> <span class='ocrx_word' id='word_1_116' title='bbox 953 1619 1000 1689; x_wconf 83' lang='lat' dir='ltr'>Iip.</span> <span class='ocrx_word' id='word_1_117' title='bbox 1012 1617 1045 1671; x_wconf 84' lang='lat' dir='ltr'>sd</span> <span class='ocrx_word' id='word_1_118' title='bbox 1055 1619 1205 1689; x_wconf 68' lang='lat' dir='ltr'>Magnesios</span> <span class='ocrx_word' id='word_1_119' title='bbox 1217 1620 1367 1673; x_wconf 76' lang='lat' dir='ltr'>nominetur</span> 
     </span>
     <span class='ocr_line' id='line_1_13' title="bbox 230 1698 668 1777; baseline 0.009 -22"><span class='ocrx_word' id='word_1_120' title='bbox 230 1698 307 1755; x_wconf 79' lang='lat' dir='ltr'>hrum</span> <span class='ocrx_word' id='word_1_121' title='bbox 318 1704 512 1774; x_wconf 79' lang='lat' dir='ltr'>linguosiorum</span> <span class='ocrx_word' id='word_1_122' title='bbox 523 1706 668 1777; x_wconf 87' lang='lat' dir='ltr'>episcopus.</span> 
     </span>
    </p>

    <p class='ocr_par' dir='ltr' id='par_1_4' title="bbox 228 1786 1367 2621">
     <span class='ocr_line' id='line_1_14' title="bbox 282 1786 1367 1861; baseline 0.005 -22"><span class='ocrx_word' id='word_1_123' title='bbox 282 1786 355 1849; x_wconf 68' lang='grc' dir='ltr'><strong>Εὐθὺς</strong></span> <span class='ocrx_word' id='word_1_124' title='bbox 367 1786 394 1841; x_wconf 77' lang='lat' dir='ltr'>ii</span> <span class='ocrx_word' id='word_1_125' title='bbox 405 1789 466 1859; x_wconf 76' lang='lat' dir='ltr'>puri</span> <span class='ocrx_word' id='word_1_126' title='bbox 478 1788 521 1841; x_wconf 80' lang='lat' dir='ltr'>cbo</span> <span class='ocrx_word' id='word_1_127' title='bbox 533 1788 679 1857; x_wconf 57' lang='lat' dir='ltr'>uerteret]</span> <span class='ocrx_word' id='word_1_128' title='bbox 696 1790 737 1843; x_wconf 84' lang='lat' dir='ltr'>Ex</span> <span class='ocrx_word' id='word_1_129' title='bbox 748 1805 828 1861; x_wconf 76' lang='lat' dir='ltr'>preve</span> <span class='ocrx_word' id='word_1_130' title='bbox 837 1788 953 1842; x_wconf 81' lang='lat' dir='ltr'>Gomerii</span> <span class='ocrx_word' id='word_1_131' title='bbox 963 1790 1173 1860; x_wconf 80' lang='lat' dir='ltr'>interpretstione</span> <span class='ocrx_word' id='word_1_132' title='bbox 1184 1794 1231 1843; x_wconf 84' lang='lat' dir='ltr'>cut</span> <span class='ocrx_word' id='word_1_133' title='bbox 1241 1790 1309 1843; x_wconf 81' lang='lat' dir='ltr'>ielss</span> <span class='ocrx_word' id='word_1_134' title='bbox 1321 1796 1367 1845; x_wconf 80' lang='lat' dir='ltr'>eut</span> 
     </span>
     <span class='ocr_line' id='line_1_15' title="bbox 230 1868 1367 1945; baseline 0.008 -25"><span class='ocrx_word' id='word_1_135' title='bbox 230 1868 292 1923; x_wconf 79' lang='lat' dir='ltr'>lubic</span> <span class='ocrx_word' id='word_1_136' title='bbox 306 1889 339 1926; x_wconf 85' lang='lat' dir='ltr'>ex</span> <span class='ocrx_word' id='word_1_137' title='bbox 353 1872 394 1927; x_wconf 87' lang='lat' dir='ltr'>his</span> <span class='ocrx_word' id='word_1_138' title='bbox 405 1875 490 1928; x_wconf 77' lang='lat' dir='ltr'>serbis</span> <span class='ocrx_word' id='word_1_139' title='bbox 506 1874 613 1929; x_wconf 80' lang='lat' dir='ltr'>historie</span> <span class='ocrx_word' id='word_1_140' title='bbox 631 1876 773 1945; x_wconf 83' lang='lat' dir='ltr'>colligitur,</span> <span class='ocrx_word' id='word_1_141' title='bbox 789 1876 891 1927; x_wconf 89' lang='lat' dir='ltr'>iussum</span> <span class='ocrx_word' id='word_1_142' title='bbox 907 1875 1009 1928; x_wconf 79' lang='lat' dir='ltr'>sPetro</span> <span class='ocrx_word' id='word_1_143' title='bbox 1021 1874 1139 1928; x_wconf 79' lang='lat' dir='ltr'>limeum</span> <span class='ocrx_word' id='word_1_144' title='bbox 1154 1873 1289 1928; x_wconf 84' lang='lat' dir='ltr'>historism</span> <span class='ocrx_word' id='word_1_145' title='bbox 1305 1876 1367 1929; x_wconf 90' lang='lat' dir='ltr'>scri·</span> 
     </span>
     <span class='ocr_line' id='line_1_16' title="bbox 229 1956 1366 2028; baseline 0.003 -17"><span class='ocrx_word' id='word_1_146' title='bbox 229 1956 302 2023; x_wconf 75' lang='lat' dir='ltr'>peiere.</span> <span class='ocrx_word' id='word_1_147' title='bbox 318 1958 360 2011; x_wconf 80' lang='lat' dir='ltr'>Sic</span> <span class='ocrx_word' id='word_1_148' title='bbox 368 1959 439 2013; x_wconf 88' lang='lat' dir='ltr'>enim</span> <span class='ocrx_word' id='word_1_149' title='bbox 448 1958 599 2015; x_wconf 73' lang='lat' dir='ltr'>Commius:</span> <span class='ocrx_word' id='word_1_150' title='bbox 611 1961 672 2013; x_wconf 88' lang='lat' dir='ltr'>Post</span> <span class='ocrx_word' id='word_1_151' title='bbox 680 1957 840 2013; x_wconf 79' lang='lat' dir='ltr'>lietthseum</span> <span class='ocrx_word' id='word_1_152' title='bbox 849 1966 954 2012; x_wconf 87' lang='lat' dir='ltr'>secutus</span> <span class='ocrx_word' id='word_1_153' title='bbox 963 1965 1005 2012; x_wconf 92' lang='lat' dir='ltr'>est</span> <span class='ocrx_word' id='word_1_154' title='bbox 1011 1960 1128 2028; x_wconf 77' lang='lat' dir='ltr'>Murcus,</span> <span class='ocrx_word' id='word_1_155' title='bbox 1139 1961 1251 2013; x_wconf 84' lang='lat' dir='ltr'>iussuse</span> <span class='ocrx_word' id='word_1_156' title='bbox 1259 1959 1286 2013; x_wconf 82' lang='lat' dir='ltr'>S.</span> <span class='ocrx_word' id='word_1_157' title='bbox 1291 1958 1366 2015; x_wconf 86' lang='lat' dir='ltr'>Petro</span> 
     </span>
     <span class='ocr_line' id='line_1_17' title="bbox 230 2038 1366 2115; baseline 0.005 -23"><span class='ocrx_word' id='word_1_158' title='bbox 230 2038 480 2115; x_wconf 81' lang='lat' dir='ltr'>Rousoerungclium</span> <span class='ocrx_word' id='word_1_159' title='bbox 489 2044 571 2100; x_wconf 87' lang='lat' dir='ltr'>edere.</span> <span class='ocrx_word' id='word_1_160' title='bbox 587 2044 712 2099; x_wconf 75' lang='lat' dir='ltr'>Neutrum</span> <span class='ocrx_word' id='word_1_161' title='bbox 722 2044 814 2098; x_wconf 89' lang='lat' dir='ltr'>horum</span> <span class='ocrx_word' id='word_1_162' title='bbox 824 2044 885 2097; x_wconf 87' lang='lat' dir='ltr'>dicit</span> <span class='ocrx_word' id='word_1_163' title='bbox 893 2042 985 2115; x_wconf 83' lang='lat' dir='ltr'>Epiph.</span> <span class='ocrx_word' id='word_1_164' title='bbox 995 2052 1040 2097; x_wconf 84' lang='lat' dir='ltr'>cut</span> <span class='ocrx_word' id='word_1_165' title='bbox 1047 2044 1115 2098; x_wconf 88' lang='lat' dir='ltr'>Petri</span> <span class='ocrx_word' id='word_1_166' title='bbox 1123 2046 1205 2110; x_wconf 88' lang='lat' dir='ltr'>iussu,</span> <span class='ocrx_word' id='word_1_167' title='bbox 1214 2052 1261 2098; x_wconf 78' lang='lat' dir='ltr'>eut</span> <span class='ocrx_word' id='word_1_168' title='bbox 1268 2044 1366 2099; x_wconf 72' lang='lat' dir='ltr'>Romu</span> 
     </span>
     <span class='ocr_line' id='line_1_18' title="bbox 229 2126 1367 2195; baseline 0 -14"><span class='ocrx_word' id='word_1_169' title='bbox 229 2126 342 2195; x_wconf 74' lang='lat' dir='ltr'>scripsisse</span> <span class='ocrx_word' id='word_1_170' title='bbox 352 2130 479 2185; x_wconf 78' lang='lat' dir='ltr'>hiereum.</span> <span class='ocrx_word' id='word_1_171' title='bbox 505 2129 557 2185; x_wconf 79' lang='lat' dir='ltr'>Sed</span> <span class='ocrx_word' id='word_1_172' title='bbox 567 2128 617 2184; x_wconf 89' lang='lat' dir='ltr'>hoc</span> <span class='ocrx_word' id='word_1_173' title='bbox 627 2136 741 2195; x_wconf 68' lang='lat' dir='ltr'>mutum,</span> <span class='ocrx_word' id='word_1_174' title='bbox 758 2130 879 2183; x_wconf 86' lang='lat' dir='ltr'>comitem</span> <span class='ocrx_word' id='word_1_175' title='bbox 894 2130 968 2183; x_wconf 89' lang='lat' dir='ltr'>illurn</span> <span class='ocrx_word' id='word_1_176' title='bbox 985 2130 1084 2183; x_wconf 73' lang='lat' dir='ltr'>Romae</span> <span class='ocrx_word' id='word_1_177' title='bbox 1098 2129 1179 2183; x_wconf 85' lang='lat' dir='ltr'>inisse</span> <span class='ocrx_word' id='word_1_178' title='bbox 1189 2130 1259 2183; x_wconf 88' lang='lat' dir='ltr'>Petri</span> <span class='ocrx_word' id='word_1_179' title='bbox 1279 2136 1305 2183; x_wconf 93' lang='lat' dir='ltr'>et</span> <span class='ocrx_word' id='word_1_180' title='bbox 1316 2128 1367 2182; x_wconf 75' lang='grc' dir='ltr'>ἐπι-</span> 
     </span>
     <span class='ocr_line' id='line_1_19' title="bbox 230 2210 1366 2285; baseline 0.004 -21"><span class='ocrx_word' id='word_1_181' title='bbox 230 2210 336 2275; x_wconf 70' lang='grc' dir='ltr'>νοίονοθνι</span> <span class='ocrx_word' id='word_1_182' title='bbox 345 2213 374 2265; x_wconf 83' lang='lat' dir='ltr'>r&#39;o</span> <span class='ocrx_word' id='word_1_183' title='bbox 386 2213 530 2285; x_wconf 69' lang='grc' dir='ltr'>οὖνγγίλιον</span> <span class='ocrx_word' id='word_1_184' title='bbox 541 2212 657 2267; x_wconf 75' lang='lat' dir='ltr'>irritetur.</span> <span class='ocrx_word' id='word_1_185' title='bbox 675 2216 840 2284; x_wconf 78' lang='lat' dir='ltr'>Aquonsm?</span> <span class='ocrx_word' id='word_1_186' title='bbox 863 2214 886 2267; x_wconf 75' lang='lat' dir='ltr'><strong>A</strong></span> <span class='ocrx_word' id='word_1_187' title='bbox 897 2214 990 2283; x_wconf 86' lang='lat' dir='ltr'>spiritu</span> <span class='ocrx_word' id='word_1_188' title='bbox 1000 2220 1100 2269; x_wconf 74' lang='lat' dir='ltr'>structo.</span> <span class='ocrx_word' id='word_1_189' title='bbox 1116 2214 1200 2267; x_wconf 86' lang='lat' dir='ltr'>luscio</span> <span class='ocrx_word' id='word_1_190' title='bbox 1212 2216 1283 2268; x_wconf 89' lang='lat' dir='ltr'>enim</span> <span class='ocrx_word' id='word_1_191' title='bbox 1290 2215 1366 2269; x_wconf 89' lang='lat' dir='ltr'>Petro</span> 
     </span>
     <span class='ocr_line' id='line_1_20' title="bbox 230 2294 1367 2370; baseline 0.008 -25"><span class='ocrx_word' id='word_1_192' title='bbox 230 2294 253 2345; x_wconf 84' lang='lat' dir='ltr'>si</span> <span class='ocrx_word' id='word_1_193' title='bbox 262 2298 419 2353; x_wconf 82' lang='lat' dir='ltr'>scribendum</span> <span class='ocrx_word' id='word_1_194' title='bbox 435 2314 576 2370; x_wconf 70' lang='lat' dir='ltr'>aggressus</span> <span class='ocrx_word' id='word_1_195' title='bbox 591 2305 643 2365; x_wconf 85' lang='lat' dir='ltr'>est,</span> <span class='ocrx_word' id='word_1_196' title='bbox 660 2298 783 2353; x_wconf 76' lang='lat' dir='ltr'>Romsrns</span> <span class='ocrx_word' id='word_1_197' title='bbox 800 2299 827 2353; x_wconf 82' lang='lat' dir='ltr'>id</span> <span class='ocrx_word' id='word_1_198' title='bbox 844 2300 877 2353; x_wconf 83' lang='lat' dir='ltr'>sb</span> <span class='ocrx_word' id='word_1_199' title='bbox 894 2300 951 2369; x_wconf 90' lang='lat' dir='ltr'>ipso</span> <span class='ocrx_word' id='word_1_200' title='bbox 968 2300 1172 2368; x_wconf 81' lang='lat' dir='ltr'>postulentibus,</span> <span class='ocrx_word' id='word_1_201' title='bbox 1189 2304 1219 2352; x_wconf 90' lang='lat' dir='ltr'>ut</span> <span class='ocrx_word' id='word_1_202' title='bbox 1235 2306 1310 2353; x_wconf 83' lang='lat' dir='ltr'>sutor</span> <span class='ocrx_word' id='word_1_203' title='bbox 1326 2306 1367 2354; x_wconf 82' lang='lat' dir='ltr'>est</span> 
     </span>
     <span class='ocr_line' id='line_1_21' title="bbox 229 2377 1366 2455; baseline 0.004 -20"><span class='ocrx_word' id='word_1_204' title='bbox 229 2377 367 2437; x_wconf 70' lang='lat' dir='ltr'>liecurt</span> <span class='ocrx_word' id='word_1_205' title='bbox 379 2384 517 2455; x_wconf 75' lang='lat' dir='ltr'>descript</span> <span class='ocrx_word' id='word_1_206' title='bbox 529 2384 628 2441; x_wconf 85' lang='lat' dir='ltr'>licclee.</span> <span class='ocrx_word' id='word_1_207' title='bbox 641 2384 771 2439; x_wconf 71' lang='lat' dir='ltr'>ethuseb</span> <span class='ocrx_word' id='word_1_208' title='bbox 787 2384 804 2437; x_wconf 93' lang='lat' dir='ltr'>l.</span> <span class='ocrx_word' id='word_1_209' title='bbox 817 2402 845 2439; x_wconf 83' lang='lat' dir='ltr'>rr.</span> <span class='ocrx_word' id='word_1_210' title='bbox 862 2401 883 2437; x_wconf 89' lang='lat' dir='ltr'>o</span> <span class='ocrx_word' id='word_1_211' title='bbox 895 2402 949 2437; x_wconf 81' lang='lat' dir='ltr'>xrv</span> <span class='ocrx_word' id='word_1_212' title='bbox 973 2382 1047 2448; x_wconf 84' lang='lat' dir='ltr'>Quod</span> <span class='ocrx_word' id='word_1_213' title='bbox 1063 2400 1123 2437; x_wconf 89' lang='lat' dir='ltr'>cnm</span> <span class='ocrx_word' id='word_1_214' title='bbox 1138 2384 1254 2437; x_wconf 81' lang='lat' dir='ltr'>sedisset</span> <span class='ocrx_word' id='word_1_215' title='bbox 1265 2383 1366 2449; x_wconf 88' lang='lat' dir='ltr'>Petrus,</span> 
     </span>
     <span class='ocr_line' id='line_1_22' title="bbox 229 2464 1367 2541; baseline 0.004 -24"><span class='ocrx_word' id='word_1_216' title='bbox 229 2464 282 2531; x_wconf 76' lang='lat' dir='ltr'>que</span> <span class='ocrx_word' id='word_1_217' title='bbox 291 2466 387 2523; x_wconf 77' lang='lat' dir='ltr'>lectum</span> <span class='ocrx_word' id='word_1_218' title='bbox 398 2476 455 2523; x_wconf 80' lang='lat' dir='ltr'>erut</span> <span class='ocrx_word' id='word_1_219' title='bbox 464 2470 624 2541; x_wconf 77' lang='lat' dir='ltr'>opprobsvit</span> <span class='ocrx_word' id='word_1_220' title='bbox 653 2470 752 2524; x_wconf 81' lang='lat' dir='ltr'>Romus</span> <span class='ocrx_word' id='word_1_221' title='bbox 762 2485 838 2541; x_wconf 88' lang='lat' dir='ltr'>porro</span> <span class='ocrx_word' id='word_1_222' title='bbox 850 2469 985 2541; x_wconf 80' lang='lat' dir='ltr'>scripsisse</span> <span class='ocrx_word' id='word_1_223' title='bbox 996 2468 1136 2521; x_wconf 77' lang='lat' dir='ltr'>verisimile</span> <span class='ocrx_word' id='word_1_224' title='bbox 1152 2475 1203 2522; x_wconf 89' lang='lat' dir='ltr'>est</span> <span class='ocrx_word' id='word_1_225' title='bbox 1220 2468 1252 2523; x_wconf 74' lang='grc' dir='ltr'>ον</span> <span class='ocrx_word' id='word_1_226' title='bbox 1270 2484 1322 2539; x_wconf 80' lang='lat' dir='ltr'>qno</span> <span class='ocrx_word' id='word_1_227' title='bbox 1338 2470 1367 2522; x_wconf 88' lang='lat' dir='ltr'>in</span> 
     </span>
     <span class='ocr_line' id='line_1_23' title="bbox 228 2548 678 2621; baseline 0.011 -18"><span class='ocrx_word' id='word_1_228' title='bbox 228 2548 510 2621; x_wconf 66' lang='lat' dir='ltr'>implacitatus.</span> <span class='ocrx_word' id='word_1_229' title='bbox 522 2572 582 2609; x_wconf 78' lang='lat' dir='ltr'>xcv.</span> <span class='ocrx_word' id='word_1_230' title='bbox 598 2572 624 2609; x_wconf 90' lang='lat' dir='ltr'>n.</span> <span class='ocrx_word' id='word_1_231' title='bbox 637 2555 678 2609; x_wconf 78' lang='lat'>29.</span> 
     </span>
    </p>

    <p class='ocr_par' dir='ltr' id='par_1_5' title="bbox 229 2630 1368 3206">
     <span class='ocr_line' id='line_1_24' title="bbox 281 2630 1365 2711; baseline 0.005 -22"><span class='ocrx_word' id='word_1_232' title='bbox 281 2630 353 2699; x_wconf 69' lang='grc' dir='ltr'>Οὗτος</span> <span class='ocrx_word' id='word_1_233' title='bbox 365 2636 393 2691; x_wconf 79' lang='lat' dir='ltr'>bi</span> <span class='ocrx_word' id='word_1_234' title='bbox 405 2632 436 2700; x_wconf 74' lang='lat' dir='ltr'>ek</span> <span class='ocrx_word' id='word_1_235' title='bbox 448 2637 601 2711; x_wconf 71' lang='grc' dir='ltr'>ἐτύγχανεν]</span> <span class='ocrx_word' id='word_1_236' title='bbox 622 2640 749 2694; x_wconf 88' lang='lat' dir='ltr'>Dissentit</span> <span class='ocrx_word' id='word_1_237' title='bbox 763 2640 856 2711; x_wconf 86' lang='lat' dir='ltr'>Pepiss</span> <span class='ocrx_word' id='word_1_238' title='bbox 873 2639 942 2711; x_wconf 78' lang='lat' dir='ltr'>spui</span> <span class='ocrx_word' id='word_1_239' title='bbox 956 2639 1051 2694; x_wconf 77' lang='lat' dir='ltr'>Eussb</span> <span class='ocrx_word' id='word_1_240' title='bbox 1063 2644 1091 2692; x_wconf 84' lang='lat' dir='ltr'>et</span> <span class='ocrx_word' id='word_1_241' title='bbox 1101 2638 1232 2693; x_wconf 82' lang='lat' dir='ltr'>Christum</span> <span class='ocrx_word' id='word_1_242' title='bbox 1247 2640 1365 2695; x_wconf 68' lang='lat' dir='ltr'>silesco</span> 
     </span>
     <span class='ocr_line' id='line_1_25' title="bbox 229 2722 1366 2795; baseline 0.004 -20"><span class='ocrx_word' id='word_1_243' title='bbox 229 2728 291 2789; x_wconf 81' lang='lat' dir='ltr'>regn</span> <span class='ocrx_word' id='word_1_244' title='bbox 301 2722 425 2779; x_wconf 72' lang='lat' dir='ltr'>sudimm.</span> <span class='ocrx_word' id='word_1_245' title='bbox 444 2724 559 2779; x_wconf 87' lang='lat' dir='ltr'>Hierou&#39;</span> <span class='ocrx_word' id='word_1_246' title='bbox 551 2740 580 2779; x_wconf 84' lang='lat' dir='ltr'>sn</span> <span class='ocrx_word' id='word_1_247' title='bbox 590 2725 674 2780; x_wconf 86' lang='lat' dir='ltr'>Prsei.</span> <span class='ocrx_word' id='word_1_248' title='bbox 687 2724 721 2779; x_wconf 84' lang='lat' dir='ltr'>ed</span> <span class='ocrx_word' id='word_1_249' title='bbox 737 2741 828 2795; x_wconf 82' lang='lat' dir='ltr'>ersng.</span> <span class='ocrx_word' id='word_1_250' title='bbox 840 2725 922 2779; x_wconf 76' lang='lat' dir='ltr'>Murci</span> <span class='ocrx_word' id='word_1_251' title='bbox 937 2723 1047 2778; x_wconf 82' lang='lat' dir='ltr'>eundern</span> <span class='ocrx_word' id='word_1_252' title='bbox 1062 2725 1100 2777; x_wconf 84' lang='lat' dir='ltr'>sit</span> <span class='ocrx_word' id='word_1_253' title='bbox 1110 2723 1254 2777; x_wconf 71' lang='lat' dir='ltr'>leviticum</span> <span class='ocrx_word' id='word_1_254' title='bbox 1269 2740 1366 2795; x_wconf 87' lang='lat' dir='ltr'>genere</span> 
     </span>
     <span class='ocr_line' id='line_1_26' title="bbox 230 2808 1368 2873; baseline 0.003 -12"><span class='ocrx_word' id='word_1_255' title='bbox 230 2808 406 2863; x_wconf 75' lang='lat' dir='ltr'>esuereotem</span> <span class='ocrx_word' id='word_1_256' title='bbox 417 2809 507 2863; x_wconf 84' lang='lat' dir='ltr'>inisse.</span> <span class='ocrx_word' id='word_1_257' title='bbox 528 2808 582 2864; x_wconf 74' lang='lat' dir='ltr'>See</span> <span class='ocrx_word' id='word_1_258' title='bbox 591 2810 659 2865; x_wconf 76' lang='lat' dir='ltr'>ielso</span> <span class='ocrx_word' id='word_1_259' title='bbox 670 2808 712 2865; x_wconf 91' lang='lat' dir='ltr'>hic</span> <span class='ocrx_word' id='word_1_260' title='bbox 722 2811 788 2865; x_wconf 87' lang='lat' dir='ltr'>liber</span> <span class='ocrx_word' id='word_1_261' title='bbox 798 2811 902 2865; x_wconf 78' lang='lat' dir='ltr'>flieron.</span> <span class='ocrx_word' id='word_1_262' title='bbox 913 2810 1044 2865; x_wconf 86' lang='lat' dir='ltr'>tribuitur.</span> <span class='ocrx_word' id='word_1_263' title='bbox 1063 2808 1138 2873; x_wconf 77' lang='lat' dir='ltr'>Quor</span> <span class='ocrx_word' id='word_1_264' title='bbox 1148 2815 1237 2863; x_wconf 64' lang='lat' dir='ltr'>uuum</span> <span class='ocrx_word' id='word_1_265' title='bbox 1248 2815 1368 2864; x_wconf 76' lang='lat' dir='ltr'>esserunt</span> 
     </span>
     <span class='ocr_line' id='line_1_27' title="bbox 229 2892 1366 2965; baseline 0.004 -20"><span class='ocrx_word' id='word_1_266' title='bbox 229 2892 337 2961; x_wconf 81' lang='lat' dir='ltr'>umuli,</span> <span class='ocrx_word' id='word_1_267' title='bbox 347 2896 466 2949; x_wconf 77' lang='lat' dir='ltr'>rtucnn</span> <span class='ocrx_word' id='word_1_268' title='bbox 476 2911 531 2949; x_wconf 89' lang='lat' dir='ltr'>nou</span> <span class='ocrx_word' id='word_1_269' title='bbox 541 2894 638 2949; x_wconf 72' lang='lat' dir='ltr'>uidisse</span> <span class='ocrx_word' id='word_1_270' title='bbox 649 2894 795 2961; x_wconf 88' lang='lat' dir='ltr'>dominum,</span> <span class='ocrx_word' id='word_1_271' title='bbox 812 2896 905 2949; x_wconf 82' lang='lat' dir='ltr'>viderit</span> <span class='ocrx_word' id='word_1_272' title='bbox 913 2910 997 2949; x_wconf 89' lang='lat' dir='ltr'>necne</span> <span class='ocrx_word' id='word_1_273' title='bbox 1007 2893 1072 2948; x_wconf 90' lang='lat' dir='ltr'>nihil</span> <span class='ocrx_word' id='word_1_274' title='bbox 1083 2894 1196 2948; x_wconf 73' lang='lat' dir='ltr'>sffirmoz</span> <span class='ocrx_word' id='word_1_275' title='bbox 1212 2894 1299 2949; x_wconf 84' lang='lat' dir='ltr'>ridere</span> <span class='ocrx_word' id='word_1_276' title='bbox 1311 2896 1366 2965; x_wconf 84' lang='lat' dir='ltr'>qui·</span> 
     </span>
     <span class='ocr_line' id='line_1_28' title="bbox 229 2972 1366 3051; baseline 0.005 -22"><span class='ocrx_word' id='word_1_277' title='bbox 229 2972 273 3029; x_wconf 75' lang='lat' dir='ltr'>lesu</span> <span class='ocrx_word' id='word_1_278' title='bbox 288 2979 400 3047; x_wconf 86' lang='lat' dir='ltr'>potuisse</span> <span class='ocrx_word' id='word_1_279' title='bbox 415 2985 561 3051; x_wconf 88' lang='lat' dir='ltr'>temporum</span> <span class='ocrx_word' id='word_1_280' title='bbox 578 2980 635 3051; x_wconf 87' lang='lat' dir='ltr'>ipss</span> <span class='ocrx_word' id='word_1_281' title='bbox 650 2980 716 3035; x_wconf 84' lang='lat' dir='ltr'>rstio</span> <span class='ocrx_word' id='word_1_282' title='bbox 727 2980 873 3051; x_wconf 81' lang='lat' dir='ltr'>persuadet.</span> <span class='ocrx_word' id='word_1_283' title='bbox 902 2979 993 3050; x_wconf 84' lang='lat' dir='ltr'>Neque</span> <span class='ocrx_word' id='word_1_284' title='bbox 1009 2996 1070 3034; x_wconf 76' lang='lat' dir='ltr'>sero</span> <span class='ocrx_word' id='word_1_285' title='bbox 1088 2979 1236 3033; x_wconf 82' lang='lat' dir='ltr'>demnsnds</span> <span class='ocrx_word' id='word_1_286' title='bbox 1251 2985 1292 3033; x_wconf 90' lang='lat' dir='ltr'>est</span> <span class='ocrx_word' id='word_1_287' title='bbox 1307 2978 1366 3051; x_wconf 84' lang='lat' dir='ltr'>lipi-</span> 
     </span>
     <span class='ocr_line' id='line_1_29' title="bbox 229 3058 1365 3136; baseline 0.004 -21"><span class='ocrx_word' id='word_1_288' title='bbox 229 3058 299 3128; x_wconf 84' lang='lat' dir='ltr'>phruii</span> <span class='ocrx_word' id='word_1_289' title='bbox 309 3064 451 3131; x_wconf 69' lang='lat' dir='ltr'>munus,</span> <span class='ocrx_word' id='word_1_290' title='bbox 463 3064 526 3119; x_wconf 89' lang='lat' dir='ltr'>dum</span> <span class='ocrx_word' id='word_1_291' title='bbox 536 3066 610 3119; x_wconf 88' lang='lat' dir='ltr'>illum</span> <span class='ocrx_word' id='word_1_292' title='bbox 621 3082 724 3121; x_wconf 81' lang='lat' dir='ltr'>euru.</span> <span class='ocrx_word' id='word_1_293' title='bbox 736 3064 922 3136; x_wconf 86' lang='lat' dir='ltr'>discipulorum</span> <span class='ocrx_word' id='word_1_294' title='bbox 929 3081 1038 3119; x_wconf 86' lang='lat' dir='ltr'>numero</span> <span class='ocrx_word' id='word_1_295' title='bbox 1045 3065 1127 3119; x_wconf 81' lang='lat' dir='ltr'>fuisse</span> <span class='ocrx_word' id='word_1_296' title='bbox 1135 3074 1236 3129; x_wconf 82' lang='lat' dir='ltr'>uerrst,</span> <span class='ocrx_word' id='word_1_297' title='bbox 1246 3065 1294 3118; x_wconf 85' lang='lat' dir='ltr'>etsi</span> <span class='ocrx_word' id='word_1_298' title='bbox 1305 3080 1365 3119; x_wconf 84' lang='lat' dir='ltr'>con·</span> 
     </span>
     <span class='ocr_line' id='line_1_30' title="bbox 229 3148 607 3206; baseline 0.019 -7"><span class='ocrx_word' id='word_1_299' title='bbox 229 3148 315 3203; x_wconf 81' lang='lat' dir='ltr'>terium</span> <span class='ocrx_word' id='word_1_300' title='bbox 326 3150 372 3205; x_wconf 81' lang='lat' dir='ltr'>elii</span> <span class='ocrx_word' id='word_1_301' title='bbox 381 3150 471 3204; x_wconf 70' lang='lat' dir='ltr'>Penes</span> <span class='ocrx_word' id='word_1_302' title='bbox 486 3150 607 3206; x_wconf 72' lang='lat' dir='ltr'>sentient.</span> 
     </span>
    </p>

    <p class='ocr_par' dir='ltr' id='par_1_6' title="bbox 230 3228 1366 3479">
     <span class='ocr_line' id='line_1_31' title="bbox 279 3228 1366 3307; baseline 0.001 -20"><span class='ocrx_word' id='word_1_303' title='bbox 279 3232 307 3291; x_wconf 82' lang='lat' dir='ltr'>N.</span> <span class='ocrx_word' id='word_1_304' title='bbox 318 3254 366 3289; x_wconf 85' lang='lat' dir='ltr'>m.</span> <span class='ocrx_word' id='word_1_305' title='bbox 388 3234 433 3296; x_wconf 74' lang='grc' dir='ltr'>Ὦς</span> <span class='ocrx_word' id='word_1_306' title='bbox 444 3228 504 3289; x_wconf 75' lang='lat' dir='ltr'>eben</span> <span class='ocrx_word' id='word_1_307' title='bbox 515 3234 558 3287; x_wconf 75' lang='grc' dir='ltr'>τον</span> <span class='ocrx_word' id='word_1_308' title='bbox 569 3234 649 3289; x_wconf 73' lang='grc' dir='ltr'>πάντα</span> <span class='ocrx_word' id='word_1_309' title='bbox 660 3236 770 3306; x_wconf 76' lang='grc' dir='ltr'>χρόνον]</span> <span class='ocrx_word' id='word_1_310' title='bbox 794 3236 907 3307; x_wconf 79' lang='lat' dir='ltr'>Tempus</span> <span class='ocrx_word' id='word_1_311' title='bbox 919 3235 1017 3305; x_wconf 85' lang='lat' dir='ltr'>ipsum,</span> <span class='ocrx_word' id='word_1_312' title='bbox 1033 3250 1085 3305; x_wconf 88' lang='lat' dir='ltr'>quo</span> <span class='ocrx_word' id='word_1_313' title='bbox 1099 3234 1210 3287; x_wconf 79' lang='lat' dir='ltr'>losnnes</span> <span class='ocrx_word' id='word_1_314' title='bbox 1227 3239 1366 3304; x_wconf 88' lang='lat' dir='ltr'>conceptus</span> 
     </span>
     <span class='ocr_line' id='line_1_32' title="bbox 230 3317 1366 3391; baseline 0.002 -20"><span class='ocrx_word' id='word_1_315' title='bbox 230 3332 251 3367; x_wconf 82' lang='lat' dir='ltr'>re</span> <span class='ocrx_word' id='word_1_316' title='bbox 260 3325 327 3375; x_wconf 82' lang='grc' dir='ltr'>νιίον</span> <span class='ocrx_word' id='word_1_317' title='bbox 339 3326 392 3387; x_wconf 83' lang='lat' dir='ltr'>est,</span> <span class='ocrx_word' id='word_1_318' title='bbox 407 3326 435 3375; x_wconf 93' lang='lat' dir='ltr'>et</span> <span class='ocrx_word' id='word_1_319' title='bbox 448 3322 598 3375; x_wconf 83' lang='lat' dir='ltr'>incnrustus</span> <span class='ocrx_word' id='word_1_320' title='bbox 611 3326 688 3391; x_wconf 88' lang='lat' dir='ltr'>etque</span> <span class='ocrx_word' id='word_1_321' title='bbox 700 3322 727 3374; x_wconf 92' lang='lat' dir='ltr'>in</span> <span class='ocrx_word' id='word_1_322' title='bbox 738 3322 824 3375; x_wconf 89' lang='lat' dir='ltr'>lucem</span> <span class='ocrx_word' id='word_1_323' title='bbox 835 3320 919 3374; x_wconf 86' lang='lat' dir='ltr'>editus</span> <span class='ocrx_word' id='word_1_324' title='bbox 931 3317 1162 3383; x_wconf 84' lang='lat' dir='ltr'>Christus,an</span> <span class='ocrx_word' id='word_1_325' title='bbox 1174 3319 1366 3389; x_wconf 72' lang='lat' dir='ltr'>complectitur5</span> 
     </span>
     <span class='ocr_line' id='line_1_33' title="bbox 230 3405 701 3479; baseline 0.009 -24"><span class='ocrx_word' id='word_1_326' title='bbox 230 3405 281 3470; x_wconf 77' lang='lat' dir='ltr'>quer</span> <span class='ocrx_word' id='word_1_327' title='bbox 291 3412 391 3479; x_wconf 86' lang='lat' dir='ltr'>tempus</span> <span class='ocrx_word' id='word_1_328' title='bbox 402 3407 533 3461; x_wconf 87' lang='lat' dir='ltr'>mensium</span> <span class='ocrx_word' id='word_1_329' title='bbox 543 3412 584 3461; x_wconf 84' lang='lat' dir='ltr'>eet</span> <span class='ocrx_word' id='word_1_330' title='bbox 594 3406 647 3461; x_wconf 85' lang='lat' dir='ltr'>iere</span> <span class='ocrx_word' id='word_1_331' title='bbox 659 3424 701 3460; x_wconf 85' lang='lat' dir='ltr'>rr.</span> 
     </span>
    </p>

    <p class='ocr_par' dir='ltr' id='par_1_7' title="bbox 279 3488 1453 3564">
     <span class='ocr_line' id='line_1_34' title="bbox 279 3488 1453 3564; baseline 0 -21"><span class='ocrx_word' id='word_1_332' title='bbox 279 3489 307 3547; x_wconf 78' lang='lat' dir='ltr'>ir.</span> <span class='ocrx_word' id='word_1_333' title='bbox 317 3509 376 3547; x_wconf 78' lang='lat' dir='ltr'>vm</span> <span class='ocrx_word' id='word_1_334' title='bbox 398 3490 446 3543; x_wconf 77' lang='grc' dir='ltr'>Καὶ</span> <span class='ocrx_word' id='word_1_335' title='bbox 456 3488 675 3560; x_wconf 51' lang='grc' dir='ltr'>Φιλοοοββᾶτιοςᾷ</span> <span class='ocrx_word' id='word_1_336' title='bbox 695 3490 734 3546; x_wconf 89' lang='lat' dir='ltr'>De</span> <span class='ocrx_word' id='word_1_337' title='bbox 746 3490 794 3545; x_wconf 88' lang='lat' dir='ltr'>hoo</span> <span class='ocrx_word' id='word_1_338' title='bbox 806 3488 871 3545; x_wconf 88' lang='lat' dir='ltr'>nihil</span> <span class='ocrx_word' id='word_1_339' title='bbox 880 3488 1006 3543; x_wconf 84' lang='lat' dir='ltr'>hsctenue</span> <span class='ocrx_word' id='word_1_340' title='bbox 1017 3489 1079 3559; x_wconf 85' lang='lat' dir='ltr'>legi.</span> <span class='ocrx_word' id='word_1_341' title='bbox 1388 3524 1409 3564; x_wconf 62' lang='lat'>9</span> <span class='ocrx_word' id='word_1_342' title='bbox 1422 3512 1453 3554; x_wconf 66' lang='lat' dir='ltr'>ep,</span> 
     </span>
    </p>

    <p class='ocr_par' dir='ltr' id='par_1_8' title="bbox 229 3572 1368 4157">
     <span class='ocr_line' id='line_1_35' title="bbox 279 3572 1366 3645; baseline 0.002 -18"><span class='ocrx_word' id='word_1_343' title='bbox 279 3575 307 3631; x_wconf 87' lang='lat' dir='ltr'>N.</span> <span class='ocrx_word' id='word_1_344' title='bbox 317 3594 355 3633; x_wconf 81' lang='lat' dir='ltr'>rx.</span> <span class='ocrx_word' id='word_1_345' title='bbox 374 3572 461 3629; x_wconf 75' lang='lat' dir='ltr'>&#39;Euius</span> <span class='ocrx_word' id='word_1_346' title='bbox 473 3576 517 3629; x_wconf 78' lang='grc' dir='ltr'>τίνι</span> <span class='ocrx_word' id='word_1_347' title='bbox 529 3575 558 3629; x_wconf 77' lang='grc' dir='ltr'>οὐ</span> <span class='ocrx_word' id='word_1_348' title='bbox 571 3579 699 3645; x_wconf 71' lang='lat' dir='ltr'>posticae]</span> <span class='ocrx_word' id='word_1_349' title='bbox 720 3576 835 3629; x_wconf 71' lang='lat' dir='ltr'>Tametsi</span> <span class='ocrx_word' id='word_1_350' title='bbox 846 3575 910 3629; x_wconf 91' lang='lat' dir='ltr'>nihil</span> <span class='ocrx_word' id='word_1_351' title='bbox 921 3593 956 3629; x_wconf 88' lang='lat' dir='ltr'>ex</span> <span class='ocrx_word' id='word_1_352' title='bbox 968 3575 1104 3645; x_wconf 70' lang='lat' dir='ltr'>cvangelio</span> <span class='ocrx_word' id='word_1_353' title='bbox 1119 3574 1150 3628; x_wconf 85' lang='lat' dir='ltr'>de</span> <span class='ocrx_word' id='word_1_354' title='bbox 1166 3574 1306 3645; x_wconf 80' lang='lat' dir='ltr'>hiegorum</span> <span class='ocrx_word' id='word_1_355' title='bbox 1322 3574 1366 3629; x_wconf 79' lang='lat' dir='ltr'>ui·</span> 
     </span>
     <span class='ocr_line' id='line_1_36' title="bbox 229 3660 1366 3733; baseline 0.004 -22"><span class='ocrx_word' id='word_1_356' title='bbox 229 3666 429 3733; x_wconf 76' lang='lat' dir='ltr'>rentustempore</span> <span class='ocrx_word' id='word_1_357' title='bbox 439 3660 537 3733; x_wconf 88' lang='lat' dir='ltr'>liquido</span> <span class='ocrx_word' id='word_1_358' title='bbox 548 3662 632 3731; x_wconf 83' lang='lat' dir='ltr'>possit</span> <span class='ocrx_word' id='word_1_359' title='bbox 646 3662 768 3733; x_wconf 81' lang='lat' dir='ltr'>exprimi,</span> <span class='ocrx_word' id='word_1_360' title='bbox 785 3661 943 3731; x_wconf 73' lang='lat' dir='ltr'>probabilior</span> <span class='ocrx_word' id='word_1_361' title='bbox 959 3668 1047 3714; x_wconf 80' lang='lat' dir='ltr'>temen</span> <span class='ocrx_word' id='word_1_362' title='bbox 1063 3667 1103 3714; x_wconf 83' lang='lat' dir='ltr'>est</span> <span class='ocrx_word' id='word_1_363' title='bbox 1120 3662 1265 3714; x_wconf 86' lang='lat' dir='ltr'>communis</span> <span class='ocrx_word' id='word_1_364' title='bbox 1282 3677 1312 3715; x_wconf 86' lang='lat' dir='ltr'>ec</span> <span class='ocrx_word' id='word_1_365' title='bbox 1326 3678 1366 3715; x_wconf 87' lang='lat' dir='ltr'>re-</span> 
     </span>
     <span class='ocr_line' id='line_1_37' title="bbox 230 3744 1368 3818; baseline -0.002 -17"><span class='ocrx_word' id='word_1_366' title='bbox 230 3751 286 3812; x_wconf 55' lang='lat' dir='ltr'>aper</span> <span class='ocrx_word' id='word_1_367' title='bbox 295 3748 434 3811; x_wconf 68' lang='lat' dir='ltr'>munuc,</span> <span class='ocrx_word' id='word_1_368' title='bbox 446 3762 524 3817; x_wconf 78' lang='lat' dir='ltr'>quem</span> <span class='ocrx_word' id='word_1_369' title='bbox 535 3748 580 3801; x_wconf 86' lang='lat' dir='ltr'>ills</span> <span class='ocrx_word' id='word_1_370' title='bbox 591 3764 626 3799; x_wconf 84' lang='lat' dir='ltr'>ex</span> <span class='ocrx_word' id='word_1_371' title='bbox 634 3744 771 3818; x_wconf 68' lang='lat' dir='ltr'>Epiphanii</span> <span class='ocrx_word' id='word_1_372' title='bbox 780 3762 810 3799; x_wconf 83' lang='grc' dir='ltr'>νο</span> <span class='ocrx_word' id='word_1_373' title='bbox 818 3744 924 3799; x_wconf 82' lang='lat' dir='ltr'>Eusebii</span> <span class='ocrx_word' id='word_1_374' title='bbox 932 3744 1065 3800; x_wconf 72' lang='lat' dir='ltr'>chronicis</span> <span class='ocrx_word' id='word_1_375' title='bbox 1074 3745 1180 3811; x_wconf 82' lang='lat' dir='ltr'>hensts,</span> <span class='ocrx_word' id='word_1_376' title='bbox 1192 3747 1296 3800; x_wconf 89' lang='lat' dir='ltr'>biennio</span> <span class='ocrx_word' id='word_1_377' title='bbox 1307 3752 1368 3817; x_wconf 91' lang='lat' dir='ltr'>post</span> 
     </span>
     <span class='ocr_line' id='line_1_38' title="bbox 230 3824 1366 3913; baseline 0 -28"><span class='ocrx_word' id='word_1_378' title='bbox 230 3824 357 3885; x_wconf 85' lang='lat' dir='ltr'>Chistum&#39;</span> <span class='ocrx_word' id='word_1_379' title='bbox 349 3848 379 3885; x_wconf 88' lang='lat' dir='ltr'>rn</span> <span class='ocrx_word' id='word_1_380' title='bbox 388 3832 475 3885; x_wconf 87' lang='lat' dir='ltr'>lucem</span> <span class='ocrx_word' id='word_1_381' title='bbox 487 3830 584 3885; x_wconf 84' lang='lat' dir='ltr'>editum</span> <span class='ocrx_word' id='word_1_382' title='bbox 596 3832 689 3902; x_wconf 85' lang='lat' dir='ltr'>Msgoe</span> <span class='ocrx_word' id='word_1_383' title='bbox 700 3830 845 3887; x_wconf 77' lang='lat' dir='ltr'>advenisse.</span> <span class='ocrx_word' id='word_1_384' title='bbox 869 3829 943 3894; x_wconf 84' lang='lat' dir='ltr'>Quod</span> <span class='ocrx_word' id='word_1_385' title='bbox 960 3848 997 3913; x_wconf 78' lang='lat'>⁶¹.</span> <span class='ocrx_word' id='word_1_386' title='bbox 1009 3832 1061 3885; x_wconf 93' lang='lat' dir='ltr'>illis</span> <span class='ocrx_word' id='word_1_387' title='bbox 1075 3829 1202 3885; x_wconf 81' lang='lat' dir='ltr'>Mstthsei</span> <span class='ocrx_word' id='word_1_388' title='bbox 1212 3830 1297 3884; x_wconf 81' lang='lat' dir='ltr'>serbis</span> <span class='ocrx_word' id='word_1_389' title='bbox 1314 3832 1366 3885; x_wconf 88' lang='lat' dir='ltr'>coi-</span> 
     </span>
     <span class='ocr_line' id='line_1_39' title="bbox 230 3910 1367 3987; baseline 0.002 -20"><span class='ocrx_word' id='word_1_390' title='bbox 230 3910 403 3984; x_wconf 74' lang='lat' dir='ltr'>hgipnuhsnt,</span> <span class='ocrx_word' id='word_1_391' title='bbox 421 3916 514 3987; x_wconf 84' lang='lat' dir='ltr'>quibue</span> <span class='ocrx_word' id='word_1_392' title='bbox 530 3915 786 3969; x_wconf 84' lang='lat' dir='ltr'>Herodemnerreta</span> <span class='ocrx_word' id='word_1_393' title='bbox 798 3916 893 3969; x_wconf 81' lang='lat' dir='ltr'>bimatu</span> <span class='ocrx_word' id='word_1_394' title='bbox 905 3920 1011 3980; x_wconf 75' lang='lat' dir='ltr'>etiofru</span> <span class='ocrx_word' id='word_1_395' title='bbox 1018 3934 1114 3986; x_wconf 82' lang='lat' dir='ltr'>pueros</span> <span class='ocrx_word' id='word_1_396' title='bbox 1129 3917 1264 3980; x_wconf 69' lang='lat' dir='ltr'>occidisse,</span> <span class='ocrx_word' id='word_1_397' title='bbox 1279 3934 1367 3969; x_wconf 73' lang='lat' dir='ltr'>secun·</span> 
     </span>
     <span class='ocr_line' id='line_1_40' title="bbox 231 3998 1367 4072; baseline 0 -19"><span class='ocrx_word' id='word_1_398' title='bbox 231 3998 272 4049; x_wconf 80' lang='lat' dir='ltr'>hue</span> <span class='ocrx_word' id='word_1_399' title='bbox 282 4010 372 4072; x_wconf 82' lang='lat' dir='ltr'>tesspss</span> <span class='ocrx_word' id='word_1_400' title='bbox 383 4004 449 4072; x_wconf 75' lang='lat' dir='ltr'>puori</span> <span class='ocrx_word' id='word_1_401' title='bbox 459 4004 614 4071; x_wconf 67' lang='lat' dir='ltr'>aquisierat</span> <span class='ocrx_word' id='word_1_402' title='bbox 624 4020 642 4054; x_wconf 88' lang='lat' dir='ltr'>o</span> <span class='ocrx_word' id='word_1_403' title='bbox 653 4001 748 4070; x_wconf 77' lang='lat' dir='ltr'>Mopts.</span> <span class='ocrx_word' id='word_1_404' title='bbox 771 4000 823 4055; x_wconf 83' lang='lat' dir='ltr'>Sed</span> <span class='ocrx_word' id='word_1_405' title='bbox 834 3998 901 4055; x_wconf 88' lang='lat' dir='ltr'>hunc</span> <span class='ocrx_word' id='word_1_406' title='bbox 918 4000 1017 4055; x_wconf 85' lang='lat' dir='ltr'>nodum</span> <span class='ocrx_word' id='word_1_407' title='bbox 1031 4000 1184 4071; x_wconf 69' lang='lat' dir='ltr'>iampridem</span> <span class='ocrx_word' id='word_1_408' title='bbox 1196 4000 1367 4055; x_wconf 82' lang='lat' dir='ltr'>dissolverunt</span> 
     </span>
     <span class='ocr_line' id='line_1_41' title="bbox 230 4084 762 4157; baseline 0.008 -20"><span class='ocrx_word' id='word_1_409' title='bbox 230 4084 302 4139; x_wconf 75' lang='lat' dir='ltr'>cnuti</span> <span class='ocrx_word' id='word_1_410' title='bbox 311 4102 445 4141; x_wconf 74' lang='lat' dir='ltr'>secretum</span> <span class='ocrx_word' id='word_1_411' title='bbox 454 4086 588 4141; x_wconf 72' lang='lat' dir='ltr'>liternum</span> <span class='ocrx_word' id='word_1_412' title='bbox 601 4088 762 4157; x_wconf 82' lang='lat' dir='ltr'>interpretes.</span> 
     </span>
    </p>

    <p class='ocr_par' dir='ltr' id='par_1_9' title="bbox 231 4168 1367 4583">
     <span class='ocr_line' id='line_1_42' title="bbox 280 4168 1366 4243; baseline 0.001 -21"><span class='ocrx_word' id='word_1_413' title='bbox 280 4170 321 4223; x_wconf 79' lang='lat' dir='ltr'>liei</span> <span class='ocrx_word' id='word_1_414' title='bbox 331 4168 439 4241; x_wconf 66' lang='grc' dir='ltr'>ἀνάγκην</span> <span class='ocrx_word' id='word_1_415' title='bbox 450 4168 525 4242; x_wconf 76' lang='grc' dir='ltr'>ἶσχον</span> <span class='ocrx_word' id='word_1_416' title='bbox 537 4170 560 4223; x_wconf 88' lang='lat' dir='ltr'>ei</span> <span class='ocrx_word' id='word_1_417' title='bbox 572 4170 797 4243; x_wconf 74' lang='lat' dir='ltr'>buceopcropiuot.]</span> <span class='ocrx_word' id='word_1_418' title='bbox 832 4170 963 4235; x_wconf 84' lang='lat' dir='ltr'>Qusntum</span> <span class='ocrx_word' id='word_1_419' title='bbox 979 4172 1059 4224; x_wconf 75' lang='lat' dir='ltr'>verbs</span> <span class='ocrx_word' id='word_1_420' title='bbox 1074 4170 1132 4241; x_wconf 83' lang='lat' dir='ltr'>ipss</span> <span class='ocrx_word' id='word_1_421' title='bbox 1148 4187 1210 4241; x_wconf 80' lang='lat' dir='ltr'>pree</span> <span class='ocrx_word' id='word_1_422' title='bbox 1227 4188 1256 4224; x_wconf 87' lang='lat' dir='ltr'>se</span> <span class='ocrx_word' id='word_1_423' title='bbox 1272 4171 1366 4233; x_wconf 84' lang='lat' dir='ltr'>ierunt,</span> 
     </span>
     <span class='ocr_line' id='line_1_43' title="bbox 231 4248 1366 4327; baseline 0.002 -22"><span class='ocrx_word' id='word_1_424' title='bbox 231 4248 320 4309; x_wconf 75' lang='lat' dir='ltr'>iniicere</span> <span class='ocrx_word' id='word_1_425' title='bbox 328 4256 431 4311; x_wconf 77' lang='lat' dir='ltr'>ridetur</span> <span class='ocrx_word' id='word_1_426' title='bbox 441 4255 550 4311; x_wconf 82' lang='lat' dir='ltr'>ludueos</span> <span class='ocrx_word' id='word_1_427' title='bbox 562 4257 677 4327; x_wconf 85' lang='lat' dir='ltr'>quolibet</span> <span class='ocrx_word' id='word_1_428' title='bbox 688 4262 814 4311; x_wconf 84' lang='lat' dir='ltr'>terrerum</span> <span class='ocrx_word' id='word_1_429' title='bbox 823 4256 954 4327; x_wconf 85' lang='lat' dir='ltr'>dispersos</span> <span class='ocrx_word' id='word_1_430' title='bbox 963 4254 1173 4310; x_wconf 80' lang='lat' dir='ltr'>inPelsestinsm</span> <span class='ocrx_word' id='word_1_431' title='bbox 1185 4262 1289 4309; x_wconf 80' lang='lat' dir='ltr'>cosctos</span> <span class='ocrx_word' id='word_1_432' title='bbox 1300 4270 1366 4308; x_wconf 88' lang='lat' dir='ltr'>esse.</span> 
     </span>
     <span class='ocr_line' id='line_1_44' title="bbox 231 4332 1366 4413; baseline -0.003 -19"><span class='ocrx_word' id='word_1_433' title='bbox 231 4332 268 4389; x_wconf 74' lang='lat' dir='ltr'>hed</span> <span class='ocrx_word' id='word_1_434' title='bbox 277 4340 406 4396; x_wconf 82' lang='lat' dir='ltr'>commode</span> <span class='ocrx_word' id='word_1_435' title='bbox 417 4340 482 4397; x_wconf 87' lang='lat' dir='ltr'>hsec</span> <span class='ocrx_word' id='word_1_436' title='bbox 492 4342 641 4413; x_wconf 87' lang='lat' dir='ltr'>ecoipiendo</span> <span class='ocrx_word' id='word_1_437' title='bbox 652 4347 725 4407; x_wconf 85' lang='lat' dir='ltr'>sunt,</span> <span class='ocrx_word' id='word_1_438' title='bbox 737 4346 767 4395; x_wconf 91' lang='lat' dir='ltr'>ut</span> <span class='ocrx_word' id='word_1_439' title='bbox 778 4342 808 4394; x_wconf 90' lang='lat' dir='ltr'>de</span> <span class='ocrx_word' id='word_1_440' title='bbox 820 4342 852 4395; x_wconf 92' lang='lat' dir='ltr'>iis</span> <span class='ocrx_word' id='word_1_441' title='bbox 863 4342 983 4411; x_wconf 83' lang='lat' dir='ltr'>loquetur</span> <span class='ocrx_word' id='word_1_442' title='bbox 993 4341 1039 4409; x_wconf 88' lang='lat' dir='ltr'>qui</span> <span class='ocrx_word' id='word_1_443' title='bbox 1052 4340 1081 4393; x_wconf 91' lang='lat' dir='ltr'>in</span> <span class='ocrx_word' id='word_1_444' title='bbox 1091 4340 1238 4394; x_wconf 74' lang='lat' dir='ltr'>Palaestine</span> <span class='ocrx_word' id='word_1_445' title='bbox 1252 4340 1310 4409; x_wconf 88' lang='lat' dir='ltr'>ipss</span> <span class='ocrx_word' id='word_1_446' title='bbox 1322 4338 1366 4391; x_wconf 84' lang='lat' dir='ltr'>rei</span> 
     </span>
     <span class='ocr_line' id='line_1_45' title="bbox 232 4417 1367 4499; baseline -0.003 -20"><span class='ocrx_word' id='word_1_447' title='bbox 232 4417 289 4489; x_wconf 62' lang='lat' dir='ltr'>Cyris</span> <span class='ocrx_word' id='word_1_448' title='bbox 301 4426 433 4499; x_wconf 84' lang='lat' dir='ltr'>degerent</span> <span class='ocrx_word' id='word_1_449' title='bbox 464 4426 554 4497; x_wconf 84' lang='lat' dir='ltr'>Neque</span> <span class='ocrx_word' id='word_1_450' title='bbox 565 4427 634 4481; x_wconf 87' lang='lat' dir='ltr'>enim</span> <span class='ocrx_word' id='word_1_451' title='bbox 645 4434 708 4497; x_wconf 88' lang='lat' dir='ltr'>puto</span> <span class='ocrx_word' id='word_1_452' title='bbox 719 4427 747 4481; x_wconf 94' lang='lat' dir='ltr'>in</span> <span class='ocrx_word' id='word_1_453' title='bbox 764 4427 839 4479; x_wconf 83' lang='lat' dir='ltr'>ltelis</span> <span class='ocrx_word' id='word_1_454' title='bbox 849 4427 891 4479; x_wconf 81' lang='lat' dir='ltr'>rel</span> <span class='ocrx_word' id='word_1_455' title='bbox 907 4424 1016 4481; x_wconf 79' lang='lat' dir='ltr'>Greeciu</span> <span class='ocrx_word' id='word_1_456' title='bbox 1030 4430 1077 4479; x_wconf 82' lang='lat' dir='ltr'>snt</span> <span class='ocrx_word' id='word_1_457' title='bbox 1090 4428 1210 4497; x_wconf 77' lang='lat' dir='ltr'>Aegypto</span> <span class='ocrx_word' id='word_1_458' title='bbox 1227 4424 1306 4478; x_wconf 81' lang='lat' dir='ltr'>etiem</span> <span class='ocrx_word' id='word_1_459' title='bbox 1319 4420 1367 4477; x_wconf 81' lang='lat' dir='ltr'>hs·</span> 
     </span>
     <span class='ocr_line' id='line_1_46' title="bbox 233 4504 915 4583; baseline 0.003 -22"><span class='ocrx_word' id='word_1_460' title='bbox 233 4504 331 4577; x_wconf 69' lang='lat' dir='ltr'>turns,</span> <span class='ocrx_word' id='word_1_461' title='bbox 342 4513 406 4567; x_wconf 86' lang='lat' dir='ltr'>slibi</span> <span class='ocrx_word' id='word_1_462' title='bbox 416 4528 496 4583; x_wconf 82' lang='lat' dir='ltr'>quem</span> <span class='ocrx_word' id='word_1_463' title='bbox 507 4512 557 4577; x_wconf 88' lang='lat' dir='ltr'>ibi,</span> <span class='ocrx_word' id='word_1_464' title='bbox 568 4512 614 4565; x_wconf 91' lang='lat' dir='ltr'>ubi</span> <span class='ocrx_word' id='word_1_465' title='bbox 624 4518 710 4579; x_wconf 86' lang='lat' dir='ltr'>erunt,</span> <span class='ocrx_word' id='word_1_466' title='bbox 720 4512 803 4565; x_wconf 77' lang='lat' dir='ltr'>luisse</span> <span class='ocrx_word' id='word_1_467' title='bbox 813 4527 915 4565; x_wconf 86' lang='lat' dir='ltr'>censos.</span> 
     </span>
    </p>

    <p class='ocr_par' dir='ltr' id='par_1_10' title="bbox 280 4592 1367 4669">
     <span class='ocr_line' id='line_1_47' title="bbox 280 4592 1367 4669; baseline -0.002 -20"><span class='ocrx_word' id='word_1_468' title='bbox 280 4592 421 4669; x_wconf 71' lang='grc' dir='ltr'>Ἔρχίμννοι</span> <span class='ocrx_word' id='word_1_469' title='bbox 433 4594 473 4665; x_wconf 71' lang='lat' dir='ltr'>ii,</span> <span class='ocrx_word' id='word_1_470' title='bbox 484 4594 519 4657; x_wconf 80' lang='grc' dir='ltr'>ὡς</span> <span class='ocrx_word' id='word_1_471' title='bbox 531 4594 624 4664; x_wconf 68' lang='lat' dir='ltr'>sirau]</span> <span class='ocrx_word' id='word_1_472' title='bbox 645 4596 748 4651; x_wconf 87' lang='lat' dir='ltr'>Nollem</span> <span class='ocrx_word' id='word_1_473' title='bbox 762 4596 860 4651; x_wconf 87' lang='lat' dir='ltr'>erudito</span> <span class='ocrx_word' id='word_1_474' title='bbox 873 4595 1021 4651; x_wconf 83' lang='lat' dir='ltr'>Msldousto</span> <span class='ocrx_word' id='word_1_475' title='bbox 1037 4595 1065 4648; x_wconf 89' lang='lat' dir='ltr'>ld</span> <span class='ocrx_word' id='word_1_476' title='bbox 1079 4596 1107 4649; x_wconf 92' lang='lat' dir='ltr'>in</span> <span class='ocrx_word' id='word_1_477' title='bbox 1122 4600 1237 4649; x_wconf 88' lang='lat' dir='ltr'>mentem</span> <span class='ocrx_word' id='word_1_478' title='bbox 1252 4594 1367 4647; x_wconf 78' lang='lat' dir='ltr'>venisset</span> 
     </span>
    </p>
   </div>
   <div class='ocr_carea' id='block_1_3' title="bbox 233 4672 1366 5005">
    <p class='ocr_par' dir='ltr' id='par_1_11' title="bbox 233 4672 1366 4753">
     <span class='ocr_line' id='line_1_48' title="bbox 233 4672 1366 4753; baseline -0.002 -18"><span class='ocrx_word' id='word_1_479' title='bbox 233 4672 351 4748; x_wconf 74' lang='lat' dir='ltr'>Epiphanio</span> <span class='ocrx_word' id='word_1_480' title='bbox 362 4684 477 4736; x_wconf 87' lang='lat' dir='ltr'>tribuere</span> <span class='ocrx_word' id='word_1_481' title='bbox 489 4681 558 4753; x_wconf 83' lang='lat' dir='ltr'>quod</span> <span class='ocrx_word' id='word_1_482' title='bbox 570 4690 597 4735; x_wconf 89' lang='lat' dir='ltr'>et</span> <span class='ocrx_word' id='word_1_483' title='bbox 611 4681 825 4737; x_wconf 85' lang='lat' dir='ltr'>obsurdiseimum</span> <span class='ocrx_word' id='word_1_484' title='bbox 841 4687 894 4747; x_wconf 86' lang='lat' dir='ltr'>est,</span> <span class='ocrx_word' id='word_1_485' title='bbox 910 4696 959 4734; x_wconf 87' lang='lat' dir='ltr'>nec</span> <span class='ocrx_word' id='word_1_486' title='bbox 975 4680 1009 4733; x_wconf 84' lang='lat' dir='ltr'>sb</span> <span class='ocrx_word' id='word_1_487' title='bbox 1023 4681 1109 4733; x_wconf 84' lang='lat' dir='ltr'>corel</span> <span class='ocrx_word' id='word_1_488' title='bbox 1123 4679 1252 4733; x_wconf 81' lang='lat' dir='ltr'>levissime</span> <span class='ocrx_word' id='word_1_489' title='bbox 1268 4680 1366 4751; x_wconf 76' lang='lat' dir='ltr'>cogite·</span> 
     </span>
    </p>

    <p class='ocr_par' dir='ltr' id='par_1_12' title="bbox 233 4764 1366 4839">
     <span class='ocr_line' id='line_1_49' title="bbox 233 4764 1366 4839; baseline -0.002 -18"><span class='ocrx_word' id='word_1_490' title='bbox 233 4767 279 4815; x_wconf 75' lang='lat' dir='ltr'>hu·</span> <span class='ocrx_word' id='word_1_491' title='bbox 294 4765 385 4823; x_wconf 87' lang='lat' dir='ltr'>Scribit</span> <span class='ocrx_word' id='word_1_492' title='bbox 396 4766 467 4821; x_wconf 90' lang='lat' dir='ltr'>enim</span> <span class='ocrx_word' id='word_1_493' title='bbox 477 4768 567 4821; x_wconf 70' lang='lat' dir='ltr'>mirari</span> <span class='ocrx_word' id='word_1_494' title='bbox 577 4784 606 4821; x_wconf 87' lang='lat' dir='ltr'>se</span> <span class='ocrx_word' id='word_1_495' title='bbox 618 4768 687 4839; x_wconf 84' lang='lat' dir='ltr'>quod</span> <span class='ocrx_word' id='word_1_496' title='bbox 697 4766 856 4839; x_wconf 73' lang='lat' dir='ltr'>Epiphanius</span> <span class='ocrx_word' id='word_1_497' title='bbox 866 4766 998 4819; x_wconf 86' lang='lat' dir='ltr'>existimet</span> <span class='ocrx_word' id='word_1_498' title='bbox 1007 4764 1146 4835; x_wconf 87' lang='lat' dir='ltr'>losephuur</span> <span class='ocrx_word' id='word_1_499' title='bbox 1156 4770 1183 4817; x_wconf 88' lang='lat' dir='ltr'>et</span> <span class='ocrx_word' id='word_1_500' title='bbox 1193 4765 1303 4819; x_wconf 79' lang='lat' dir='ltr'>Menon</span> <span class='ocrx_word' id='word_1_501' title='bbox 1313 4766 1366 4819; x_wconf 91' lang='lat' dir='ltr'>sin·</span> 
     </span>
    </p>

    <p class='ocr_par' dir='ltr' id='par_1_13' title="bbox 234 4848 1366 5005">
     <span class='ocr_line' id='line_1_50' title="bbox 234 4848 1366 4925; baseline 0.003 -22"><span class='ocrx_word' id='word_1_502' title='bbox 234 4848 284 4913; x_wconf 79' lang='lat' dir='ltr'>guib</span> <span class='ocrx_word' id='word_1_503' title='bbox 294 4854 364 4907; x_wconf 86' lang='lat' dir='ltr'>ennis</span> <span class='ocrx_word' id='word_1_504' title='bbox 376 4870 407 4909; x_wconf 90' lang='grc' dir='ltr'>νο</span> <span class='ocrx_word' id='word_1_505' title='bbox 416 4852 458 4907; x_wconf 79' lang='lat' dir='ltr'>oie</span> <span class='ocrx_word' id='word_1_506' title='bbox 469 4870 504 4907; x_wconf 86' lang='lat' dir='ltr'>ex</span> <span class='ocrx_word' id='word_1_507' title='bbox 513 4854 633 4925; x_wconf 76' lang='lat' dir='ltr'>Aegypto</span> <span class='ocrx_word' id='word_1_508' title='bbox 645 4854 672 4907; x_wconf 90' lang='lat' dir='ltr'>iu</span> <span class='ocrx_word' id='word_1_509' title='bbox 684 4850 817 4907; x_wconf 78' lang='lat' dir='ltr'>bethleem</span> <span class='ocrx_word' id='word_1_510' title='bbox 825 4851 913 4905; x_wconf 78' lang='lat' dir='ltr'>uenire</span> <span class='ocrx_word' id='word_1_511' title='bbox 925 4850 1102 4915; x_wconf 75' lang='lat' dir='ltr'>consuevisse,</span> <span class='ocrx_word' id='word_1_512' title='bbox 1114 4866 1225 4919; x_wconf 85' lang='lat' dir='ltr'>cumque</span> <span class='ocrx_word' id='word_1_513' title='bbox 1233 4857 1293 4921; x_wconf 90' lang='lat' dir='ltr'>post</span> <span class='ocrx_word' id='word_1_514' title='bbox 1301 4850 1366 4906; x_wconf 85' lang='lat' dir='ltr'>duos</span> 
     </span>
     <span class='ocr_line' id='line_1_51' title="bbox 261 4948 1155 5005; baseline 0.006 -8"><span class='ocrx_word' id='word_1_515' title='bbox 261 4950 491 5005; x_wconf 54' lang='lat' dir='ltr'>hermeneum</span> <span class='ocrx_word' id='word_1_516' title='bbox 1134 4948 1155 5002; x_wconf 79' lang='lat' dir='ltr'>p</span> 
     </span>
    </p>
   </div>
   <div class='ocr_carea' id='block_1_4' title="bbox 0 0 1831 5642">
    <p class='ocr_par' dir='ltr' id='par_1_14' title="bbox 0 0 1831 5642">
     <span class='ocr_line' id='line_1_52' title="bbox 0 0 1831 5642; baseline 0 0"><span class='ocrx_word' id='word_1_517' title='bbox 0 0 1831 5642; x_wconf 95' lang='lat' dir='ltr'> </span> 
     </span>
    </p>
   </div>
  </div>
 </body>
</html>
