3650 5642
435 603 604 660 cctam

435 759 574 814 aecnndnm
585 759 656 813 illam
667 757 790 830 perfidiae
801 757 906 828 plenam
913 755 975 812 fidei
985 757 1179 829 prolemionem,
1190 762 1314 828 tanquam
1324 757 1459 814 aRonnan.
1467 755 1570 828 pontiden

434 846 640 918 comprobatam,
657 844 753 914 ubique
768 843 970 898 disseminarunt
985 849 1011 896 et
1025 843 1153 913 imprimia
1164 841 1198 896 ad
1207 841 1354 898 Eudoaium
1366 843 1477 914 eiusque
1487 841 1573 896 eodnlee
1614 883 1615 902 ι

434 931 581 984 Anemoeoa
593 927 757 982 Antiochiam
766 927 902 982 minerunt.
936 927 993 992 Qua
1008 944 1035 980 re
1051 927 1200 982 audaciores
1211 927 1250 982 illi
1260 927 1323 982 lacti
1334 929 1474 982 titianum
1485 928 1574 996 dogne,

435 1015 505 1086 quod
515 1014 604 1068 timide
620 1012 744 1068 haetenua
760 1013 957 1084 diffidenterque
973 1011 1169 1084 praedicabant,
1185 1013 1272 1084 palam
1290 1013 1425 1083 diuulgnre
1442 1019 1575 1085 coeperunt

434 1101 475 1156 Ex
491 1117 544 1171 quo
560 1115 719 1170 magnaper
736 1097 867 1154 Orientem
884 1114 915 1152 ae
932 1097 1035 1170 Syriam
1051 1098 1210 1168 perturbatio
1227 1103 1373 1154 conaecutn
1409 1098 1491 1154 Guine
1506 1099 1577 1168 petie

436 1185 564 1257 Georgiue
574 1185 735 1239 Lnodicanne
749 1184 886 1256 apiatolam
901 1183 1005 1254 aeripeit
1019 1183 1054 1238 ad
1065 1183 1191 1238 Basiliam
1203 1183 1381 1254 dncmnnum,
1398 1185 1448 1254 qui
1463 1183 1496 1238 ad
1511 1183 1578 1236 eccle·

434 1273 501 1336 aiae,
512 1287 592 1342 qnam
602 1287 686 1342 nuper
695 1286 713 1324 n
722 1269 897 1324 tundamentie
907 1270 1042 1334 excitarat,
1053 1269 1177 1324 encaenia
1186 1268 1312 1324 iinitimoa
1322 1270 1464 1340 epiecopoa
1474 1269 1578 1323 condre-
1615 1337 1616 1342 ἵ

434 1363 476 1412 rat
485 1356 640 1422 admonear,
656 1363 686 1410 ut
699 1372 762 1410 cum
777 1355 885 1424 collegia
898 1357 954 1408 auia
965 1359 1129 1424 manantem
1139 1355 1331 1410 dnomoeornm
1342 1354 1502 1426 impietatem
1512 1371 1579 1423 arno
1615 1343 1616 1402 i

434 1442 491 1496 dico
502 1441 605 1496 decreto
616 1441 752 1512 iugulant
775 1440 816 1494 lin
826 1441 859 1494 iir
869 1440 924 1494 teni
933 1439 993 1493 ilice
1005 1440 1126 1510 opinione
1137 1447 1250 1506 cunctat,
1264 1440 1309 1510 qui
1320 1456 1354 1494 ex
1365 1439 1524 1494 Tbeodoueto
1535 1439 1579 1492 rol·

432 1529 532 1668 iiii:
546 1526 678 1682 litt
691 1527 823 1665 titi-l
830 1530 1072 1680 tituli..
1080 1525 1232 1681 ‘titii
1249 1525 1578 1682 :ttttttttss

435 1713 514 1769 quam
528 1698 627 1752 eiectua
641 1697 737 1762 iuerat,
752 1696 886 1750 reatitntua
902 1701 943 1749 eat
953 1695 1078 1750 biberim.
1102 1695 1136 1748 dt
1146 1711 1215 1750 auno
1228 1711 1323 1750 coouv.
1336 1696 1495 1760 Mediolani,
1506 1693 1580 1748 ntidi·

434 1789 505 1838 ctum
516 1789 567 1848 aet,
583 1783 725 1852 imperator
737 1782 892 1834 eontentiam
902 1782 931 1835 iu
942 1781 1015 1834 illum
1026 1780 1105 1845 dixit,
1120 1787 1147 1834 et
1160 1787 1221 1852 poet
1232 1781 1286 1835 0aii
1296 1781 1400 1852 lapsum
1413 1781 1537 1836 Sirmium
1546 1795 1579 1832 ae·

434 1869 501 1922 citne
512 1873 559 1922 eet
582 1866 667 1930 Quare
677 1867 716 1920 ita
726 1864 902 1920 Theodoram
913 1865 1119 1936 interpretandus
1130 1871 1182 1931 eat,
1197 1873 1228 1920 ut
1237 1871 1294 1920 tum
1305 1867 1411 1937 quidem
1423 1865 1579 1922 Gommntinr
1616 1859 1617 1872 ¹

433 1953 559 2008 metronia
569 1967 642 2022 apem
652 1952 723 2005 illiue
734 1950 888 2006 matituandi
896 1950 999 2015 iecerit,
1010 1951 1057 2005 aed
1067 1951 1094 2004 id
1105 1951 1186 2005 altero
1198 1951 1289 2005 deinde
1301 1967 1370 2005 anno
1381 1950 1544 2022 praestiterit.

501 2038 576 2090 Anno
587 2051 714 2092 ococvnr.
726 2035 839 2090 Basilina
847 2038 1001 2105 Ancyranua
1012 2036 1124 2106 acceptia
1134 2035 1239 2106 Georgii
1248 2037 1328 2090 literin
1336 2038 1512 2108 cognitieqm,
1522 2051 1580 2106 quae

434 2123 522 2178 Sirmii
532 2137 550 2174 a
559 2122 668 2176 Valente
679 2127 706 2174 et
717 2121 824 2176 Uraaoio
835 2127 912 2192 genta
923 2121 1032 2186 merent,
1044 2137 1103 2174 cum
1115 2121 1149 2174 ad
1161 2123 1296 2186 ecclesiae,
1311 2123 1350 2176 nti
1361 2121 1463 2176 dictum
1474 2129 1519 2186 eet,
1530 2137 1581 2174 con·

433 2208 605 2262 medonem
614 2213 772 2261 conuentum
783 2205 889 2261 baberet
898 2207 1092 2278 episcoporum,
1107 2207 1269 2276 Ancyranam
1281 2207 1411 2276 apnodum
1423 2209 1545 2271 celebrat,
1557 2207 1580 2258 iu

434 2309 487 2363 qua
501 2292 650 2346 Sirmienaia
665 2292 722 2346 orii
738 2309 770 2347 ac
782 2293 897 2346 Valentia
920 2297 946 2344 et
967 2299 1127 2346 caeterorum
1148 2291 1319 2346 condemnata
1335 2292 1395 2346 fidei
1412 2293 1526 2347 formula
1540 2295 1580 2352 eat,

433 2383 623 2448 atatutumque,
640 2379 708 2449 patri
717 2378 803 2432 fllium
818 2377 965 2432 aubatnntin
976 2393 1034 2430 eree
1045 2377 1165 2430 eimilem.
1200 2377 1302 2442 Quaen
1314 2377 1414 2448 ayuodo
1427 2379 1517 2432 literae
1527 2376 1580 2429 ecri-
1617 2365 1618 2396 ¹

433 2470 495 2536 piae
511 2470 573 2518 aunt
588 2464 622 2517 ad
638 2461 778 2518 Phoenicen
795 2469 822 2516 et
834 2463 928 2532 syroe,
945 2461 991 2516 ubi
1007 2461 1119 2516 Eudoxii
1131 2461 1285 2516 Antiocheni
1300 2463 1386 2517 etudio
1397 2465 1581 2518 Anomoeorum

434 2549 543 2621 pertidia
556 2548 697 2619 flagrabat,
713 2563 778 2618 quaa
795 2547 955 2620 Epiphaniae
966 2548 1065 2602 recitat
1099 2547 1198 2601 Deinde
1209 2549 1289 2618 legati
1300 2549 1334 2602 ad
1344 2549 1526 2618 imperatorem
1536 2547 1581 2600 Sir·

433 2635 517 2688 mium
536 2635 623 2697 minei,
643 2633 756 2687 Baailiua
775 2634 843 2704 ipae,
862 2631 1014 2687 linatatbiue
1036 2631 1208 2698 Sebaatenua,
1227 2632 1350 2687 Leontina
1367 2633 1524 2703 Gpaioenun,
1544 2631 1580 2701 qui

434 2719 645 2773 Eudoxinnorum
658 2718 712 2772 illic
727 2718 878 2772 disturbatio
893 2719 1007 2772 oonaiiiie
1024 2718 1206 2788 imperatorem
1222 2720 1403 2790 perpulerunt,
1420 2725 1451 2772 ut
1466 2719 1581 2772 adremon

434 2803 582 2858 Eudoainm
592 2803 777 2856 etAnomoeoa
789 2803 822 2856 ad
833 2803 1008 2857 Antiocheno·
1024 2803 1155 2859 scriberet.
1178 2805 1244 2858 Tum
1262 2809 1361 2868 autem,
1377 2805 1430 2858 ulei
1446 2803 1530 2868 fallor,
1545 2817 1581 2856 ao·
1618 2822 1619 2872 ι

434 2887 496 2943 cidit
505 2888 569 2942 illud
580 2887 650 2958 quod
661 2904 675 2940 e
687 2887 793 2942 Socrate
807 2904 887 2958 enpra
902 2889 1050 2953 retulimus,
1067 2894 1096 2942 ut
1112 2889 1275 2960 imperotorie
1293 2888 1415 2944 mandato
1432 2889 1528 2944 Oeiana
1543 2887 1582 2940 illa
1618 2879 1619 2942 i

434 2975 490 3028 aire
499 2973 615 3026 munda
621 2973 771 3026 Sirmlanaia
778 2973 947 3042 abrogaretur
954 2972 1079 3038 turmula,
1090 2989 1150 3028 cum
1157 2973 1271 3028 Buttim
1279 2974 1502 3028 &miariauomm
1509 2971 1581 3043 nigni-

434 3059 474 3114 iar
483 3058 624 3129 pinninum
633 3058 704 3129 apud
714 3059 896 3130 imperatorem
907 3059 992 3128 gratia
1002 3065 1029 3112 et
1039 3059 1174 3114 autoritate
1191 3065 1288 3129 posset.
1311 3061 1395 3130 Atque
1406 3059 1441 3113 ad
1452 3057 1581 3114 orientale·

434 3145 494 3199 illoa
509 3145 636 3199 tumultun
651 3161 798 3216 nonamque
814 3143 943 3199 baereaim
952 3143 1173 3198 exterminandam
1187 3144 1353 3198 Cunctantiue
1362 3145 1490 3214 apnodnm
1499 3151 1581 3197 autore

434 3229 532 3286 Baailio
543 3229 720 3285 Nicomediam
729 3231 832 3284 indixit.
865 3229 937 3295 Quae
949 3247 1009 3284 cum
1019 3235 1103 3284 tarrae
1114 3235 1186 3284 motu
1198 3229 1363 3295 conciditeet,
1377 3246 1409 3284 ao
1423 3229 1533 3286 aubinde
1542 3227 1580 3282 b'i·

435 3333 537 3384 caeam,
552 3335 605 3388 quo
618 3317 754 3388 epiecopca
765 3317 902 3371 convocari
912 3317 1055 3386 placuerat,
1072 3315 1163 3369 eadem
1174 3315 1309 3369 calamitae
1320 3314 1469 3380 eliminant,
1484 3313 1582 3368 tandem

434 3401 549 3458 Bulline
558 3403 720 3474 imperatoria
730 3402 810 3456 literia
822 3417 882 3456 cum
893 3399 1023 3471 episcopie
1036 3400 1093 3454 nlila
1108 3400 1141 3454 de
1155 3401 1248 3454 idoneo
1262 3401 1321 3454 loco
1337 3401 1478 3454 deliberare
1492 3401 1580 3460 inum.

435 3505 496 3542 cum
505 3490 574 3542 iuter
583 3489 642 3542 ilioe
652 3487 760 3540 minima
770 3485 931 3550 conveniret,
947 3485 1071 3539 Sirmium
1085 3485 1118 3538 ad
1129 3486 1310 3556 imperatorem
1321 3485 1433 3542 udrolnt.
1467 3485 1506 3539 lbi
1516 3483 1582 3538 Aria·

434 3587 484 3626 aoe
495 3573 632 3642 epiecopoa
642 3572 744 3642 reperit,
754 3572 872 3625 blancum
882 3568 1061 3635 lutherium,
1074 3568 1216 3641 Georgium
1228 3571 1445 3636 Alexandrinum,
1455 3571 1581 3624 Veientem

436 3662 463 3708 at
477 3662 601 3710 caeterea.
634 3655 750 3720 Quorum
766 3656 883 3710 omnium
897 3656 1007 3710 coneilio
1020 3657 1185 3711 &namnum
1197 3655 1343 3710 Seleuciam
1354 3657 1381 3710 iu
1393 3656 1491 3710 leanria
1500 3653 1533 3707 ad
1543 3667 1582 3721 ey·

436 3739 533 3794 nodum
550 3741 653 3810 delegit
675 3741 773 3794 Verum
788 3739 913 3805 Eudoxii,
930 3741 1030 3807 Aeacii,
1042 3741 1170 3808 Veientis,
1187 3740 1287 3794 Uraacii
1302 3742 1493 3796 Anemoeorum
1509 3752 1582 3808 opera

434 3824 532 3880 lautum
543 3832 584 3879 eat
592 3832 623 3880 nt
632 3825 721 3878 diriaia
732 3825 874 3895 epiecopia,
889 3825 1061 3881 occidentalea
1075 3825 1179 3896 quidem
1190 3826 1310 3892 Arimini,
1323 3826 1460 3881 orientaiea
1471 3839 1529 3879 nero
1539 3823 1581 3876 Se·

434 3911 534 3965 lanciaa
544 3915 773 3982 congregarentur.
804 3909 836 3964 lu
846 3909 896 3965 boo
907 3911 1062 3967 Arlauorum
1078 3913 1223 3983 principum
1240 3926 1383 3982 congreeau
1399 3911 1501 3975 accidit,
1518 3905 1581 3978 quod

434 3996 547 4052 Hilarina
557 3996 624 4050 libro
635 3995 668 4049 de
677 3993 791 4066 Synodia
800 4001 902 4062 narrat,
919 4000 950 4050 nt
964 3998 1101 4052 orientalea
1118 3997 1246 4068 epiceopi,
1263 3998 1308 4069 qui
1324 3996 1462 4052 Sirmiensi
1473 3991 1580 4064 blmpbe·

435 4082 504 4137 miae
513 4081 670 4146 reatiterant,
680 4087 784 4136 autoree
795 4082 852 4135 eiua
863 4082 1047 4152 compellerent
1058 4090 1087 4136 nt
1097 4083 1282 4136 anbacribendc
1294 4081 1457 4148 damnnrent,
1473 4077 1536 4150 quod
1547 4077 1581 4130 ie·

436 4171 532 4223 carent
555 4165 702 4230 Quinetiam
712 4183 748 4222 ax
758 4167 849 4222 eodem
860 4167 957 4220 Hilario
969 4167 1106 4238 colligitur,
1122 4175 1292 4239 posteaquam
1304 4167 1383 4222 diuidi
1394 4167 1520 4236 synodum
1529 4162 1578 4232 pla·

436 4253 497 4317 ouit,
507 4251 633 4322 principio
641 4251 772 4321 Ancymm
782 4253 815 4306 ad
826 4253 991 4307 orientalium
1002 4269 1153 4308 concurrum
1164 4253 1289 4307 delectam
1299 4253 1389 4308 luiaee.
1413 4251 1507 4306 Scribit
1515 4247 1579 4301 enim

435 4336 476 4391 bie
487 4337 585 4391 verbine
606 4335 659 4390 ser
668 4341 776 4391 numm
787 4355 842 4391 cam
854 4342 1028 4409 comperiam
1038 4341 1145 4406 cynodoa
1156 4343 1182 4392 ιἰι
1193 4341 1302 4407 Ancyra
1314 4347 1389 4408 atqu
1400 4337 1516 4392 Ariciae
1526 4349 1578 4386 coa·

434 4424 583 4491 menam
593 4433 618 4476 et
628 4441 659 4474 cn
667 4423 775 4490 dapem
783 4428 925 4493 pmuiacde
938 4424 1084 4476 Gallienum
1095 4425 1165 4476 bicor
1175 4425 1215 4476 cel
1224 4425 1335 4491 ainpulm
1346 4441 1374 4476 eo
1385 4439 1440 4476 eene
1450 4431 1562 4476 beatam·

503 4507 556 4561 Gur
566 4514 652 4562 annm
661 4508 689 4561 in
700 4521 799 4561 aunum
809 4523 936 4564 occurren
948 4525 1001 4562 nou
1012 4508 1184 4578 repertorem,
1200 4513 1230 4560 ut
1246 4508 1340 4562 caeteri
1357 4523 1462 4572 omnee,
1476 4507 1578 4572 Anem-

436 4605 498 4646 nam
509 4592 727 4648 Seminrianorum
737 4593 867 4662 eyuodnm
877 4595 1043 4658 contulerim,
1059 4591 1189 4648 docebunt
1204 4593 1297 4646 allatae
1312 4609 1329 4646 a
1342 4608 1384 4648 me
1396 4597 1458 4646 ante
1467 4590 1576 4650 nurum

437 4691 471 4728 ex
482 4677 577 4745 quibua
586 4677 733 4731 ueceaeario
744 4675 808 4732 baec
818 4684 964 4749 temporum
977 4679 1081 4749 partitio
1093 4677 1232 4734 deducitur.

503 4761 579 4816 Auno
589 4763 694 4817 demum
704 4777 811 4818 uocum.
821 4765 899 4818 tertia
908 4765 955 4818 iila
965 4763 1114 4818 Sirmienaia
1125 4763 1237 4818 formula
1247 4779 1264 4816 a
1274 4764 1362 4818 Marco
1372 4761 1514 4826 dretbueio,
1523 4773 1575 4811 con·

436 4844 607 4902 miantibna
616 4847 799 4915 uenturum,
814 4847 884 4904 enm
898 4855 952 4917 eat,
967 4849 1006 4904 uti
1015 4849 1133 4923 pluribue
1143 4855 1235 4922 poetea
1245 4847 1424 4906 declarabitur.
1456 4846 1511 4912 Qua
1522 4859 1577 4898 tut·
