3650 5642
1272 643 1400 700 oooxlx

234 794 431 861 hebdomadae,
441 793 603 867 xerophagia
612 793 767 850 Christianis
777 795 904 866 imperata
913 793 972 852 init
991 795 1071 866 Atqui
1081 795 1184 850 Leone.
1195 796 1257 852 Gan
1266 815 1291 853 n.
1305 799 1341 852 bel
1352 801 1399 852 τᾶ-

236 899 294 948 σαν,
305 882 405 952 inquit,
415 880 458 948 τὴν
468 879 667 952 τισσαμακοσιὴν
678 881 798 948 νησττύιιν
811 880 1016 951 ξηρομαχοῦντας.
1034 881 1067 934 lli
1077 881 1199 936 Balsamo
1211 883 1244 937 ad
1255 883 1318 939 Gan.
1328 901 1399 940 um.

235 967 333 1036 Δροσί,
344 983 400 1020 non
410 966 496 1020 solum
506 967 535 1020 in
546 966 759 1037 quadragesima,
771 965 817 1020 sed
834 967 913 1020 etiam
929 971 1021 1037 quarte
1037 971 1163 1038 sextaque
1178 968 1244 1022 ieria
1255 969 1399 1040 ξηροφαηιῑν

238 1058 363 1122 oportere
373 1051 457 1107 dooet
485 1050 556 1105 Adeo
568 1057 598 1105 nt
607 1067 642 1105 ne
652 1051 768 1122 aegrotis
778 1051 883 1122 quidem
894 1051 964 1105 alind
975 1052 1093 1106 ciborum
1104 1068 1188 1123 genus
1200 1069 1279 1124 quam
1288 1055 1400 1125 pisoium

237 1137 417 1208 indulgeatur,
427 1153 477 1190 nee
488 1153 606 1207 unquam
617 1137 749 1203 carnibus,
759 1139 802 1190 vel
810 1142 927 1190 extremo
936 1137 1004 1190 vitae
1013 1138 1136 1208 periculo,
1147 1141 1217 1192 vesei
1224 1139 1308 1193 liceat
1325 1140 1400 1212 hpnd

236 1221 378 1276 Somtem
388 1229 478 1276 tamen
488 1221 534 1276 lib.
543 1241 568 1278 v.
581 1238 638 1292 esp.
647 1240 721 1288 xxm,
736 1222 782 1276 ubi
792 1222 909 1276 diversae
920 1222 1153 1293 quadragesimalis
1163 1225 1253 1278 ieiunii
1264 1231 1400 1280 consuetu·

237 1307 312 1362 dines
321 1307 496 1378 explicantur,
507 1325 561 1362 non
570 1323 662 1362 omnes
670 1307 858 1378 xerophagiam
867 1306 1031 1362 adhibebant
1049 1307 1101 1361 Sed
1111 1310 1156 1362 alii
1162 1310 1279 1380 piscibus
1287 1317 1401 1364 tantum·

236 1393 332 1456 modo,
351 1393 397 1446 alii
410 1393 501 1446 ambus
511 1393 618 1464 insuper
628 1393 776 1458 utebantur,
793 1409 859 1463 quos
876 1409 910 1447 ex
922 1409 991 1463 aqua
1000 1399 1151 1464 procreatos
1158 1395 1264 1466 perinde
1275 1412 1304 1450 ao
1316 1397 1400 1468 pisone

238 1479 349 1548 bloyaes
359 1484 456 1532 narrat
483 1478 535 1532 Alii
545 1477 673 1532 huetibus
685 1479 792 1548 orisque
803 1479 931 1544 contenti,
949 1479 994 1532 alii
1003 1495 1071 1549 pane
1082 1479 1150 1543 solo,
1165 1481 1210 1533 alii
1220 1497 1254 1533 ne
1265 1479 1333 1535 hune
1346 1483 1401 1552 qni·

238 1563 296 1616 dem
308 1564 365 1617 sibi
375 1563 566 1634 permittebant
582 1563 736 1618 hoaruibus
746 1563 849 1634 quidem
860 1564 996 1618 universos
1008 1565 1164 1618 abstinuisse
1172 1571 1274 1635 praeter
1285 1573 1400 1622 oaeoeros

240 1650 408 1719 Augustinus
419 1655 511 1702 centn
520 1648 647 1702 Faustum
658 1649 749 1703 scribit
758 1650 802 1704 lib.
810 1665 873 1703 xxx.
901 1650 923 1701 h
935 1649 1056 1704 carnibus
1072 1657 1097 1703 et
1108 1651 1169 1704 vino
1181 1649 1312 1720 chrysost
1323 1653 1399 1708 liom.

239 1752 294 1788 rna
306 1734 343 1788 de
354 1733 454 1788 Posuit.
479 1733 518 1787 De
534 1734 657 1788 carnibus
672 1734 753 1788 etiam
768 1733 931 1805 Spyridiouis
948 1735 1017 1805 opud
1029 1735 1131 1789 Soaorn.
1142 1734 1249 1789 historia
1265 1737 1402 1792 confirmat

238 1820 283 1874 lib.
293 1837 313 1873 ι.
324 1835 385 1890 esp.
394 1835 431 1874 us.
443 1823 473 1872 ut
483 1825 586 1873 autera
600 1820 819 1890 praetermittun,
835 1835 902 1890 quae
917 1825 979 1874 sunt
993 1819 1136 1874 innumera
1162 1821 1301 1875 Postremis
1311 1823 1400 1893 itaque

241 1903 458 1974 quadragesimae
468 1903 560 1958 diebus
570 1921 618 1958 sex
629 1903 791 1975 xerophagia
800 1905 861 1975 lege
872 1905 985 1976 quadam
997 1907 1116 1960 omnibus
1127 1906 1230 1960 indicta.
1255 1905 1327 1971 Quae
1338 1907 1400 1978 quid

240 1989 285 2054 sit,
296 1988 416 2042 decimat
426 1989 532 2042 Tertull.
543 1990 610 2044 libro
622 1995 712 2043 centn
721 1989 814 2059 Psyeh.
826 2007 882 2062 sap.
891 2010 922 2044 uz
940 1993 1061 2060 Arquaot
1071 2009 1126 2056 uos,
1137 1992 1233 2062 inquit,
1249 1995 1315 2062 qaod
1324 1997 1401 2045 ednas

240 2075 415 2144 zeophupius
425 2075 594 2138 obarmemur,
609 2079 737 2128 αιόσαιιιισ
748 2077 829 2128 eibum
840 2078 874 2128 ob
885 2082 953 2129 omui
970 2095 1049 2130 eurus
1066 2086 1091 2129 et
1100 2082 1167 2130 omui
1177 2079 1315 2130 iurulentia
1330 2087 1354 2130 et
1363 2082 1400 2130 oi·

243 2161 383 2212 ridioribas
393 2159 527 2230 quibusque
534 2164 629 2229 ponis,
647 2177 678 2212 oe
692 2163 755 2229 qaid
768 2164 912 2215 σιάοσίισιία
928 2163 969 2214 ool
984 2164 1087 2214 edumas
1103 2163 1144 2214 osl
1154 2171 1280 2231 polentae,
1298 2165 1402 2216 ἱοααισι·

243 2261 333 2313 qaoque
345 2245 524 2298 σοαιίιιιιιιασι
535 2255 711 2313 oosqrueotesa
724 2248 800 2299 arido
810 2251 898 2302 victui.
923 2245 1024 2300 Passim
1035 2263 1096 2300 vero
1111 2251 1166 2300 toto
1182 2247 1227 2300 illo
1243 2247 1308 2300 libro
1326 2263 1400 2302 xero-

243 2327 351 2399 phagias
368 2345 385 2382 a
401 2327 536 2384 catholicis
552 2329 672 2384 damnari
688 2331 831 2401 signifieat,
849 2335 924 2402 queri
938 2351 1024 2384 ιιοαιιιιι
1043 2335 1160 2402 affectati
1170 2333 1251 2401 offitii
1261 2351 1360 2396 nomeu,
1377 2341 1403 2385 st

241 2419 381 2482 μισσίσιιισι
396 2415 514 2468 ethnicae
530 2419 715 2486 superstitiosi,
734 2418 822 2485 quoles
839 2421 1004 2470 castimoniae
1021 2419 1092 2487 Apin
1097 2455 1104 2480 ,
1126 2417 1220 2469 Isidem
1237 2426 1262 2469 et
1277 2417 1401 2487 Muquosa

243 2498 351 2552 Mane·
366 2508 491 2554 certos-am
506 2502 646 2554 cretona
660 2507 804 2571 acceptioue
816 2505 963 2572 peniteant.
995 2497 1091 2555 Verum
1108 2519 1161 2554 non
1179 2517 1283 2566 omnes,
1301 2504 1400 2574 opinor,

245 2589 296 2637 tum
306 2602 324 2638 a
335 2583 470 2638 eutholieis
481 2585 620 2639 damnatae
631 2585 807 2658 xerophagiae
819 2593 893 2652 sunt,
909 2587 954 2640 sed
971 2587 1031 2640 illae
1042 2588 1127 2640 solnm
1140 2603 1204 2656 quas
1216 2588 1291 2640 cerba
1302 2594 1400 2658 ompo-

245 2669 325 2735 sibus,
346 2675 531 2741 praeterquam
552 2671 586 2724 ab
604 2671 715 2726 molesia
734 2671 893 2736 eonstitutis,
915 2689 949 2725 ex
967 2673 1085 2726 Montani
1102 2671 1239 2742 disciplina
1254 2673 1400 2738 servabant,

246 2769 305 2822 quas
320 2755 393 2809 idom
410 2761 486 2810 autor
502 2756 603 2811 duabus
619 2756 787 2811 hebdomadis
804 2757 895 2812 definit
910 2773 967 2828 cap.
981 2775 1036 2811 xva
1066 2757 1196 2818 Quantulo
1208 2761 1271 2810 euim
1284 2769 1320 2811 est
1331 2759 1402 2828 apud

248 2857 286 2890 soa
300 2843 450 2895 interdictio
467 2843 594 2894 eomer
621 2843 696 2896 Deus
711 2847 739 2896 ia
754 2861 821 2896 euno
836 2843 1009 2896 hebdomadas
1021 2843 1250 2912 netophaqiurum,
1265 2861 1312 2896 neo
1327 2853 1400 2908 totae,

247 2931 352 2996 vespae
359 2927 582 2980 seiimsobiotis
592 2931 769 2992 etdomisieia
779 2932 906 2998 offerimus
916 2931 969 2984 deo.
989 2927 1039 2982 Ubi
1050 2945 1102 2982 non
1114 2929 1269 2982 assentimur
1278 2927 1400 2994 Pamelio‚

249 3010 287 3077 qni
302 3011 478 3064 hebdomos
493 3029 546 3065 non
562 3029 610 3083 pro
625 3022 720 3083 septem
735 3013 836 3079 diebus,
857 3013 903 3067 sad
920 3029 966 3084 pro
983 3013 1090 3067 totidem
1107 3013 1303 3066 hebdomadibus
1318 3013 1401 3084 aeeipi

248 3101 327 3162 potat,
344 3103 373 3150 et
389 3096 422 3149 de
437 3095 588 3168 Telesphori
604 3098 750 3163 motione,
768 3113 820 3168 qua
835 3098 1011 3151 Tertullianus
1030 3098 1138 3152 olorinus
1155 3103 1291 3163 teneretur,
1311 3099 1399 3150 neseio

250 3179 304 3246 qnid
317 3187 420 3246 namu,
436 3181 506 3252 quod
522 3183 593 3236 nullo
609 3183 688 3236 modo
698 3182 842 3254 persuadet
868 3182 935 3235 Nam
948 3184 971 3236 si
983 3199 1035 3236 xrs.
1047 3181 1222 3235 hebdomadas
1233 3181 1400 3254 xerophagiis

249 3263 383 3320 liontanus
394 3266 539 3320 addixisset
547 3283 602 3322 non
612 3267 677 3322 illud
687 3283 772 3338 usque
783 3267 848 3321 adeo
858 3267 965 3322 Tertull.
977 3267 1081 3320 elevans
1093 3267 1200 3320 diceret=
1222 3267 1351 3328 Quantula
1364 3277 1402 3320 est

250 3353 314 3418 spsd
323 3369 369 3405 ses
379 3355 525 3405 interdictio
537 3354 664 3407 dimo!
690 3353 817 3418 Qnoeirea
831 3352 897 3406 duas
912 3353 977 3406 allas
989 3369 1005 3404 a
1016 3351 1217 3422 quadragesima
1227 3352 1358 3406 seiunctas
1369 3367 1400 3406 ao
1425 3374 1447 3414 r.
1455 3364 1499 3408 tut.

251 3432 357 3489 diversas
368 3436 451 3490 fuisse
461 3437 584 3492 oradiblle
595 3442 648 3507 ost3
664 3437 692 3492 in
708 3439 803 3510 quibus
820 3438 959 3492 sabbatum
976 3453 1006 3490 ao
1023 3437 1151 3490 dominica
1166 3437 1221 3492 dies
1233 3437 1398 3492 eximeretur.

251 3516 344 3577 Sonorn
362 3523 409 3577 lib.
421 3539 468 3577 su.
486 3537 543 3593 oap.
559 3541 614 3579 xm.
636 3521 668 3576 de
688 3523 791 3578 diverso
811 3521 1044 3595 quadragesimalis
1064 3523 1153 3576 ieiunii
1173 3523 1272 3576 dierum
1291 3539 1399 3578 numero

252 3619 337 3672 egem,
347 3607 523 3661 hionanistas
534 3608 573 3661 ait
582 3609 647 3662 duas
658 3614 718 3662 ante
729 3608 827 3679 paseha
837 3609 966 3662 duntaxat
977 3607 1152 3662 hebdomades
1163 3609 1284 3664 ieiunare.
1305 3609 1399 3663 Verum

252 3704 302 3744 tum
316 3693 345 3746 in
361 3692 490 3758 secunda,
507 3691 556 3746 hoo
574 3700 615 3746 est
629 3695 751 3764 proxima
767 3701 827 3748 ante
843 3693 942 3765 paseha
957 3692 1117 3747 hebdomade
1128 3694 1265 3748 sabbatum
1276 3711 1293 3748 a
1303 3695 1399 3750 ieiunio

253 3783 393 3848 uemptum
409 3777 479 3848 apud
494 3777 669 3832 hiontaulstas
685 3797 739 3833 non
753 3779 843 3844 inerit,
859 3786 890 3833 ut
900 3779 1007 3836 Tertull.
1018 3779 1071 3834 iam
1082 3779 1243 3834 Montanista
1253 3781 1297 3836 lib.
1310 3787 1401 3834 oonha

252 3855 332 3928 Perrh.
344 3870 447 3929 narrat,
463 3879 516 3917 non
527 3863 646 3918 ridentur
658 3865 690 3917 ad
701 3865 765 3918 duas
776 3865 841 3918 istas
852 3863 1028 3919 hebdomadas
1040 3865 1147 3919 totidem
1158 3867 1216 3920 illae
1228 3865 1400 3936 xerophagia·

253 3957 302 3999 mu
316 3948 507 4002 recommodari
520 3965 607 4020 posse.
631 3949 662 4004 Iu
673 3949 783 4006 Constit.
796 3951 886 4021 Apost.
897 3950 943 4004 lib.
952 3971 977 4006 v.
990 3967 1048 4022 oap.
1058 3969 1121 4006 xvrr.
1133 3951 1223 4004 eadem
1238 3949 1400 4021 xerophagia

254 4043 293 4082 ’τι
304 4032 353 4086 illis
366 4033 458 4088 diebus
473 4034 635 4088 observanda
645 4036 808 4106 proponitur:
831 4033 873 4088 ’lis
885 4037 939 4096 ταῖς
950 4033 1048 4106 ἡμέραις
1061 4035 1103 4087 οὖν
1115 4039 1159 4086 τοῦ
1171 4033 1257 4106 πάσχα
1267 4033 1398 4102 onheim,
1493 4086 1497 4096 ,

255 4108 375 4188 ltthptonr
386 4117 436 4170 &ab
448 4119 559 4188 δευτέρας
571 4119 644 4192 μέχρι
655 4124 697 4188 τῆς
709 4124 866 4192 παρασκευῆς
883 4121 923 4172 aul
941 4118 1064 4189 σαββάτου
1081 4119 1106 4180 ἓξ
1122 4119 1225 4190 ἡμέρας,
1244 4123 1313 4190 μόνῳ
1330 4119 1398 4190 χρώ-

257 4215 311 4264 μενοι
321 4198 390 4274 iprrp
402 4203 443 4256 aul
454 4203 495 4256 ill
511 4205 551 4256 aul
567 4204 698 4277 λαχάνοις,
716 4205 757 4258 aul
773 4210 844 4276 ποτῷ
861 4206 944 4276 ὕδατι,
962 4205 1027 4257 οἶνον
1045 4204 1072 4258 tl
1089 4203 1129 4256 aul
1146 4209 1223 4275 κρεῶν
1240 4202 1357 4275 ἀπέχεσθε
1374 4201 1398 4254 is

256 4285 347 4350 ταύταις
364 4289 436 4342 liaeo
446 4291 528 4360 igitur
538 4289 699 4362 xerophagia
709 4307 786 4362 pane,
803 4292 863 4356 sale,
880 4307 948 4361 aqna
959 4297 992 4355 et,
1005 4291 1027 4344 si
1038 4289 1113 4355 forte,
1126 4291 1204 4344 etiam
1216 4290 1325 4344 oleribus
1337 4305 1398 4341 oon·

258 4371 337 4427 tiabat,
363 4373 403 4426 hd
415 4373 478 4428 haee
488 4391 602 4446 oapxsr.
613 4376 730 4430 eiusdem
741 4377 799 4429 libri
815 4375 1038 4446 quadragesimale
1055 4375 1180 4428 ieiunium
1197 4391 1214 4428 a
1229 4371 1344 4446 paschali
1361 4373 1398 4426 di·

258 4453 398 4525 digmus:
425 4457 596 4513 ’Βαιτιλιισθο
612 4461 639 4514 bt
653 4461 669 4528 ἡ
685 4461 783 4527 νηστεία
798 4459 859 4527 αὐτὴ
873 4461 976 4530 (nempe
988 4459 1230 4531 quadragesimalis)
1244 4459 1291 4530 τρο
1303 4462 1345 4525 τῆς
1357 4475 1398 4525 νη-

259 4540 322 4602 subg
333 4547 378 4596 τοῦ
389 4541 490 4615 uirga,
505 4541 629 4616 ἀρχομένη
639 4545 682 4618 μὲν
694 4542 743 4599 iu'o
756 4545 879 4616 δευτέρας,
892 4544 1046 4615 πληρουμένη
1060 4545 1086 4598 dl
1098 4545 1129 4607 εἰς
1141 4543 1293 4616 παρασκευὴν
1305 4541 1358 4614 μεθ’
1370 4543 1398 4605 ἃς

259 4617 463 4693 ἆῐνιιςστειίσιινττς
475 4626 579 4700 inpiae&
593 4635 636 4698 τῆς
652 4629 723 4702 ἁγίας
740 4636 785 4684 τοῦ
802 4630 888 4700 πάσχα
904 4627 1053 4700 ἑβδομάδος,
1071 4631 1222 4698 νηστεύοντες
1239 4627 1326 4696 air-io:
1354 4629 1398 4682 Ce-

260 4705 352 4765 lthrttsr
362 4715 586 4785 qaudruqesimole
596 4721 715 4771 ieiunium
727 4726 788 4770 oute
793 4715 934 4786 paschale,
950 4725 974 4767 et
988 4720 1114 4786 iucipiens
1125 4737 1142 4770 ιι
1154 4717 1264 4768 seeundo
1270 4719 1344 4785 jesia
1356 4717 1398 4768 de-

261 4794 349 4851 iusso
355 4817 531 4869 paresceves,
543 4811 605 4872 poet
617 4821 692 4872 quens
706 4804 786 4855 relato
801 4805 896 4854 ieiunio
909 4809 1025 4853 sunctum
1033 4803 1170 4872 persolutis
1180 4799 1357 4855 hebdomadem
1371 4805 1399 4853 in

261 4877 336 4936 *duab
344 4889 486 4954 oomiqite.
498 4885 736 4960 Quadragesimalls
744 4903 820 4959 porro
828 4887 899 4940 illius
907 4886 997 4942 ieiunii
1005 4927 1012 4956 ,
1021 4895 1149 4958 qnatenus
1158 4885 1298 4960 apasehnli
1306 4886 1398 4952 differt,
