3650 5642
447 611 537 668 xxiv

447 765 514 838 aspa
528 767 585 828 τοι
601 766 737 839 Ἔρατος.
770 766 838 822 uam
853 772 882 822 ec
894 767 1073 824 nemausa
1088 767 1153 822 uero
1166 767 1198 822 ae
1209 765 1377 832 narseten,
1394 723 1438 836 qut
1454 763 1580 820 smnus
1616 756 1617 808 l

448 859 488 908 est
499 869 578 924 quam
589 853 728 926 Epiphanii
738 853 987 924 anacephalaeosie,
998 855 1085 925 paucis
1098 853 1225 924 ademptis
1237 857 1282 905 ant
1292 852 1448 916 immutatis,
1463 851 1499 904 ita
1512 857 1538 904 ut
1547 865 1581 902 su·

360 959 383 999 p.
391 945 423 989 tt.
445 955 494 1011 pre
504 941 701 1010 proposuimus,
713 940 1050 1010 exscripsit31icetritiose,
1067 943 1094 992 nt
1105 939 1266 1002 monuimus,
1280 919 1411 990 lethaeae·
1420 953 1467 1007 pro
1478 935 1582 990 &decas

446 1027 573 1094 legantur.
602 1025 775 1089 Quamobrem
794 1026 864 1095 quod
882 1026 1040 1080 &senorum
1058 1025 1203 1078 institutum
1223 1023 1300 1076 inerit
1319 1039 1352 1076 ex
1369 1039 1400 1076 eo
1416 1023 1473 1076 loco
1488 1029 1582 1082 constat,

447 1127 540 1181 nempe
555 1115 585 1164 ut
595 1127 624 1164 se
634 1112 663 1164 in
678 1115 814 1182 utramque
830 1117 931 1182 partem
942 1117 1071 1164 versantes
1083 1109 1116 1162 ad
1128 1111 1265 1162 amborum
1275 1125 1360 1162 mores
1377 1107 1584 1161 consuetudinem·

447 1213 497 1266 qne
508 1197 643 1266 fingerent
677 1196 737 1250 ldeo
750 1195 897 1250 Gorthenos
909 1197 979 1250 solos
991 1212 1022 1250 ac
1033 1193 1168 1249 Dositheos
1184 1210 1244 1248 cum
1256 1193 1383 1248 Sebuaeis
1399 1194 1538 1248 simubmoe
1548 1209 1585 1244 ex·

446 1299 532 1336 meere
542 1282 616 1336 dixit
649 1281 748 1346 Quibus
760 1282 946 1336 animadversis
957 1281 995 1335 ita
1005 1283 1075 1336 locus
1092 1281 1141 1333 ieta
1153 1279 1353 1334 conformandus
1364 1279 1427 1332 mihi
1438 1278 1544 1332 ridetur:
1555 1275 1585 1328 lli

447 1367 494 1438 μὴν
510 1365 653 1433 ἐπείσθησαν
664 1370 715 1429 τοῖς
727 1367 865 1437 Σεβοοαῐοις
877 1366 1008 1436 Γορβηνοὶ,
1019 1365 1059 1418 aul
1071 1365 1093 1418 oi
1106 1362 1185 1421 ἄλλον.
1206 1364 1320 1431 Ἐσσηνοὶ
1332 1365 1359 1416 δὲ
1370 1363 1444 1434 ἔγβσς
1455 1366 1504 1414 τῶν
1515 1358 1585 1413 ἄλλον

447 1453 568 1525 γινόμενοι
577 1451 608 1506 τὰ
616 1451 659 1505 ἶσα
674 1450 769 1514 ἐκείνοις
781 1450 934 1522 πράττουσιν.
963 1451 1013 1506 Ubi
1029 1453 1077 1504 τῶν
1090 1447 1173 1502 ἄλλων
1189 1451 1258 1504 idem
1269 1457 1310 1504 eet
1326 1456 1405 1520 atqua
1416 1447 1545 1518 ἑκατέρων,
1556 1447 1586 1498 ui·

447 1547 603 1592 semborum.
632 1538 768 1592 Caeterum
783 1536 974 1592 Gortheuornm
988 1537 1143 1592 vocabulum
1159 1537 1229 1590 varie
1244 1536 1311 1590 solet
1327 1536 1447 1606 exprimi.
1476 1533 1539 1587 Nam
1550 1537 1588 1584 aut

446 1623 563 1693 l'opbquol
574 1624 708 1690 dicuutur,
717 1629 764 1677 aut
774 1623 924 1695 Γορθσιηνοὶ.
959 1625 988 1678 In
998 1621 1217 1694 duacephalaeoei
1228 1620 1374 1692 I'opodqeal,
1385 1621 1509 1674 mendose
1519 1623 1545 1671 ut
1555 1634 1586 1669 ar·

446 1710 538 1774 bitror,
548 1714 579 1763 ut
589 1716 616 1763 et
625 1711 694 1781 apud
704 1709 844 1763 Eusebium
855 1708 995 1778 Γορθηωνοὶ
1006 1710 1038 1763 ab
1050 1713 1140 1762 autore
1151 1708 1196 1778 qui
1207 1706 1323 1777 Γορθαῖος
1340 1707 1492 1776 appellatur.
1516 1703 1588 1768 Quuc

447 1795 589 1866 l'opbaoqsol
600 1796 695 1848 rectius
704 1793 805 1848 udatur
815 1794 956 1864 Scaligero.

513 1881 559 1932 Καὶ
569 1880 676 1946 νηστείας
688 1883 730 1946 τῆς
742 1877 803 1949 παρ’
812 1878 915 1947 αὐτοῖς]
936 1879 1120 1951 Expiationum
1131 1879 1239 1945 festum,
1255 1878 1310 1931 sive
1321 1877 1461 1948 Kippurim
1473 1873 1588 1944 intelligit,

447 1967 517 2036 quod
529 1985 553 2020 r.
566 1966 634 2018 Tisri
645 1965 817 2020 celebrabant

514 2049 545 2103 01
558 2049 584 2102 el
596 2047 668 2102 ἄλλοι
680 2049 728 2121 οὐχ
737 2050 804 2102 οὕτω
815 2053 936 2119 ποιοῦσιν]
948 2047 1036 2102 Ἄλλοι
1048 2049 1142 2104 debent
1152 2048 1350 2118 οσσοΣεβουσῖοι,
1362 2047 1590 2110 οσᾶνοιἘσσηννῖί

446 2135 601 2200 inducenda,
618 2141 664 2189 aut
678 2131 735 2187 ἀλλ’
749 2134 877 2203 Ἐσσηνοῖς
892 2135 1069 2200 scribendum
1086 2137 1147 2206 quia
1162 2151 1350 2206 nonnunquam
1366 2133 1461 2188 Esseni
1476 2131 1589 2186 cumillis

445 2220 546 2274 Pascha
556 2221 692 2275 celebrant
704 2222 801 2276 Verum
812 2238 870 2276 ecce
881 2222 913 2275 de
924 2221 1030 2275 Essenis
1043 2237 1122 2292 supra
1131 2220 1201 2275 haer.
1212 2221 1247 2274 X.
1260 2221 1375 2291 scripsit:
1388 2217 1508 2290 ἐνέμειναν
1520 2213 1590 2287 qipa

446 2304 601 2378 Ἐσσηνοὶτῇ
618 2307 703 2379 πρώτῃ
715 2306 802 2379 ἀγωγῇ
819 2306 894 2378 μηδὲν
910 2305 1131 2377 ὑπερβαλλόμενοι,
1143 2312 1170 2360 ia
1181 2309 1271 2377 priore
1281 2310 1392 2358 russeo
1399 2309 1590 2375 pertranseunti,

447 2394 517 2444 nollo
528 2397 555 2444 io
566 2411 595 2445 rc
606 2395 827 2462 troncyredtcutea.
848 2393 897 2448 Hic
909 2397 996 2446 autem
1014 2399 1040 2446 et
1051 2394 1078 2447 iu
1088 2391 1308 2464 Anacephalaeoai
1318 2392 1474 2462 plerumque
1486 2407 1543 2443 cum
1553 2387 1590 2440 Se·

446 2479 536 2532 buaeis
546 2478 615 2532 festa
623 2483 788 2550 praepostere
799 2479 937 2532 celebrant
952 2477 1006 2540 Quo
1018 2487 1113 2532 terream
1125 2481 1216 2530 vultum
1224 2487 1357 2530 mercantem
1366 2477 1461 2529 Protea
1472 2479 1549 2529 uodo!
1559 2473 1590 2525 ln

447 2565 497 2617 duo
514 2570 576 2618 sunt
585 2564 742 2618 &senorum
758 2579 868 2634 genera,
882 2569 914 2616 ut
924 2563 1039 2618 Serrario
1056 2565 1153 2634 placuit
1168 2564 1322 2618 reclamante
1334 2561 1487 2632 Scaligerot
1510 2559 1542 2612 b't
1556 2557 1591 2610 alii

446 2667 506 2703 cum
517 2649 655 2714 Sebuaeia,
672 2649 717 2702 alii
731 2666 791 2702 cum
804 2648 941 2703 (tortheuis
953 2655 980 2704 et
990 2648 1120 2704 Dositheis
1132 2649 1284 2713 habitarint,
1301 2655 1428 2701 eteorum
1446 2647 1591 2717 quibuscum

447 2735 571 2803 degerent
580 2735 645 2787 ritus
656 2735 683 2788 in
695 2735 820 2788 obeundis
832 2735 960 2789 duntaxat
967 2736 1116 2789 solennibus
1125 2735 1295 2788 imitarentur.
1317 2731 1391 2796 Quod
1401 2733 1506 2803 quidem
1517 2729 1592 2784 studio

445 2819 518 2890 pacis
534 2835 565 2872 ac
575 2819 725 2874 concordiae
736 2819 849 2874 Essenos
865 2822 1024 2890 praestitisse
1039 2819 1131 2876 horum
1147 2821 1283 2892 disciplina
1293 2818 1442 2890 persuadet,
1460 2833 1527 2890 quae
1538 2813 1592 2871 nihil

446 2905 500 2958 otio
512 2921 542 2958 ac
554 2906 639 2976 quiete
650 2905 781 2976 antiquius
792 2904 891 2961 habuit.

730 3059 776 3113 AD
793 3059 961 3114 HAERESIN
978 3060 1049 3115 xm.
1066 3059 1315 3116 DOSITHEORUM.

513 3161 622 3215 Δοσίθεον
639 3161 666 3215 di
682 3162 775 3224 τούτοις
791 3163 953 3236 διαφέρονται]
983 3164 1068 3236 Supra
1083 3163 1220 3218 Dositheou
1236 3179 1253 3217 a
1267 3161 1448 3216 communibus
1459 3159 1593 3216 Samarita-

445 3265 539 3304 norum
548 3249 612 3302 odiis
621 3265 651 3302 ac
659 3251 866 3304 contentionibus
875 3251 993 3320 excipere
1001 3251 1072 3304 risus
1082 3255 1134 3304 cst:
1147 3249 1210 3316 πλὴν
1220 3247 1400 3302 rdoberchtus
1410 3248 1495 3316 μόνον.
1507 3249 1593 3302 Verum

446 3337 589 3389 conuarius
610 3351 643 3388 er
658 3332 708 3388 hoc
727 3337 785 3390 loco
802 3353 893 3390 censue
909 3337 1084 3408 superioribus
1105 3336 1155 3389 illis
1172 3333 1348 3389 attribuendus
1365 3339 1416 3386 est:
1438 3333 1560 3387 nimirum
1573 3329 1593 3380 ἒν

446 3420 534 3491 βρσχή
545 3421 585 3473 ael
595 3417 621 3472 ἔν
631 3437 676 3472 τινι
687 3423 784 3486 ποσῶς,
806 3424 897 3492 paucis
915 3437 944 3474 ac
960 3422 1096 3475 leuissimis
1113 3422 1140 3474 in
1151 3422 1228 3474 rebus
1240 3420 1463 3476 Samaritanorum
1474 3419 1593 3472 factiones

447 3521 463 3558 a
473 3523 502 3558 se
512 3507 623 3559 invicem
633 3506 781 3569 dissentire,
795 3513 897 3575 praeter
907 3506 1056 3571 Dositheou,
1072 3523 1126 3560 non
1138 3508 1182 3576 qui
1193 3505 1257 3560 nihil
1269 3522 1286 3558 a
1296 3506 1404 3559 caeteris
1416 3505 1594 3576 discreparent,

446 3590 492 3642 scd
503 3591 549 3660 qui
558 3607 610 3644 uon
621 3591 723 3665 leviter,
738 3596 769 3643 ut
778 3591 828 3658 illi,
845 3591 891 3644 sed
904 3591 1059 3660 gravissime
1070 3591 1230 3652 dissiderent.
1259 3589 1375 3644 Dosithei
1387 3605 1462 3661 porro
1473 3595 1529 3644 tam
1540 3595 1594 3642 ante

446 3673 590 3740 Uiriatum,
602 3689 680 3744 quam
696 3681 757 3745 post
767 3691 827 3728 eum
837 3676 982 3746 complures
994 3677 1147 3743 extiterunt3
1159 3683 1185 3730 et
1195 3677 1378 3732 nonnullorum
1389 3675 1457 3746 apud
1468 3677 1593 3730 Hebraeus

446 3761 551 3813 mentio.
570 3758 637 3812 Nam
647 3764 774 3823 *tinuit
785 3759 894 3815 Dostbai
904 3766 944 3814 eet
952 3761 1099 3827 Dositheus,
1111 3763 1180 3832 quod
1191 3763 1286 3817 irustra
1296 3767 1419 3832 negatum
1431 3760 1594 3832 aScaligsro.

446 3846 481 3900 At
496 3846 523 3898 iu
534 3861 588 3915 cap.
602 3863 639 3898 ur.
651 3844 726 3898 Pirhe
737 3843 822 3898 hboth
834 3847 962 3916 quoddam
974 3847 1080 3902 Dostbai
1091 3847 1163 3902 lanai
1174 3849 1201 3904 d.
1214 3849 1310 3902 dictum
1322 3851 1488 3912 memoratur,
1502 3847 1569 3918 quod
1581 3861 1595 3896 a

445 3930 477 3985 lt.
488 3931 554 3984 hieir
564 3931 692 3984 didicerat.
712 3930 797 3984 Sedis
809 3931 902 3985 abhoc
914 3939 1002 3986 nostro
1013 3933 1128 3988 diversus
1140 3939 1186 3990 eet.
1207 3932 1428 3998 Quemadmodum
1437 3935 1538 3987 etaltcr
1546 3933 1594 3993 ille,

446 4017 520 4069 cuius
531 4017 667 4086 aliquoties
684 4015 808 4087 Origenes
819 4019 938 4071 meminit
959 4035 1070 4088 eumque
1085 4021 1275 4074 Samaritanum
1293 4019 1405 4089 appellat
1421 4018 1466 4072 lib.
1483 4018 1528 4072 lv.
1546 4015 1594 4084 sapi

446 4099 544 4172 ’Λρχῶν
555 4117 611 4172 cap.
624 4119 661 4165 u,
672 4119 720 4156 nec
729 4120 783 4157 non
793 4108 820 4156 et
830 4103 888 4156 aliis
899 4105 928 4158 iu
937 4105 1014 4169 locis,
1025 4107 1161 4177 praecipue
1173 4110 1262 4160 contra
1274 4103 1378 4158 Celsum
1388 4103 1433 4156 lib.
1444 4119 1472 4157 u.
1502 4103 1594 4157 Verum

446 4187 575 4258 antiquior
586 4191 626 4238 est
635 4185 829 4256 Epiphaniauus
840 4189 902 4253 iste,
918 4205 996 4261 aquo
1008 4189 1171 4246 Sadducaeos
1183 4195 1339 4262 propagatos
1351 4204 1409 4242 esse
1419 4203 1482 4242 mox
1493 4189 1594 4248 iudicat,

447 4274 492 4341 qui
504 4271 606 4342 quidem
618 4270 712 4326 Christi
723 4279 808 4327 ortum
818 4275 963 4328 antecessit
991 4275 1028 4330 De
1039 4277 1162 4332 Dositheo
1174 4283 1201 4330 et
1211 4275 1376 4330 Dositheanis
1388 4275 1446 4344 lege
1462 4289 1530 4344 quae
1542 4289 1593 4327 ern·

448 4357 499 4412 dite
510 4357 639 4412 Serrariue
650 4363 739 4412 noster
748 4360 776 4412 in
784 4360 920 4414 Minervali
930 4361 1043 4433 disputat
1053 4363 1096 4416 lib.
1107 4363 1151 4419 1v.
1162 4379 1218 4433 cap.
1229 4379 1254 4426 r,
1266 4380 1293 4416 rr
1305 4367 1331 4415 et
1342 4379 1388 4415 arr.

416 4491 422 4504 ,
513 4441 715 4516 Ἐγκρατιύονται
725 4440 774 4495 c'oc'o
786 4443 872 4516 γάμων
884 4443 945 4516 μετὰ
956 4447 985 4499 ab
997 4448 1102 4518 βιῶσαι.)
1119 4449 1207 4502 Potest
1216 4447 1280 4502 illud
1290 4442 1350 4517 perir
1363 4445 1391 4496 rh
1401 4444 1487 4514 βιῶσαι
1495 4445 1593 4500 duobus

447 4529 531 4582 modis
542 4529 638 4601 accipi;
650 4529 785 4599 utrobique
796 4524 958 4593 ἔλλιιπτικῶς.
988 4533 1059 4587 Alter
1071 4541 1100 4588 ut
1111 4531 1135 4585 le
1146 4537 1183 4602 τῷ
1195 4531 1270 4603 γάρῳ
1282 4531 1463 4596 subaudiatur,
1475 4531 1552 4596 alter,
1567 4535 1593 4583 ut

447 4613 481 4666 ad
492 4617 595 4683 γυναῖκα
605 4615 739 4686 pertineat
772 4615 845 4669 Prior
860 4618 1037 4688 interpretatio
1055 4617 1195 4689 simplicior
1211 4623 1263 4682 est,
1279 4633 1388 4688 eamque
1400 4616 1538 4670 Gor-narius
1556 4631 1592 4669 se·

447 4703 522 4752 cutus
533 4707 581 4754 est.
608 4700 638 4754 Iu
650 4701 731 4755 altera
746 4701 774 4752 rb
788 4701 874 4770 βιῶσαι
884 4703 954 4756 idem
965 4707 1005 4755 est
1016 4719 1046 4756 ac
1062 4712 1181 4756 mutuum
1193 4721 1258 4768 case,
1274 4711 1304 4758 ut
1319 4702 1386 4774 apud
1403 4701 1508 4755 indues
1525 4707 1592 4762 στ’σίτ,

449 4783 550 4852 βεβίωκε
560 4786 629 4856 apud
639 4785 767 4843 Plutarch.
778 4787 805 4842 in
817 4785 947 4842 Cicerone.
965 4786 1018 4841 Nos
1029 4793 1164 4858 utramque
1176 4805 1235 4844 cnm
1246 4790 1457 4860 agnovissemus,
1470 4788 1591 4856 posterior

448 4869 476 4924 in
487 4875 636 4926 contextum
649 4879 760 4944 recepta.
