3650 5642
437 602 613 662 bomem

437 761 488 815 bns
498 775 597 814 murem
608 757 654 813 ille
664 773 757 829 gemus
767 759 894 831 principie
905 758 1072 814 sirmiensem
1084 755 1174 810 tarsen
1185 757 1312 828 proponit,
1323 758 1434 812 eandem
1442 758 1514 829 piens
1523 771 1566 809 em

438 860 482 911 es,
498 861 577 916 qnam
593 843 713 898 socrates
729 849 756 897 et
766 843 923 898 Athanasius
940 844 1066 908 tolerunt,
1083 843 1157 896 cuius
1174 848 1277 896 sutores
1290 842 1378 897 Os'ntm
1397 859 1428 897 se
1444 843 1569 896 Potentem

437 931 508 984 iacit.
535 929 646 983 snhiielt
656 929 748 982 deinde
759 928 930 983 Orientalium
941 929 1084 993 decretum,
1102 927 1170 998 quod
1186 927 1309 982 aduersus
1325 929 1405 982 irtam
1414 929 1570 994 hmuhmis

438 1015 574 1084 Διογιιιιο
586 1015 695 1068 concilio
707 1019 833 1068 statutum
844 1020 896 1079 est,
907 1014 984 1084 idque
995 1029 1055 1067 eum
1066 1013 1173 1066 mirifice
1184 1012 1325 1084 praedicat,
1336 1023 1392 1068 tum
1404 1014 1519 1085 singulas
1528 1013 1571 1066 eiu

437 1097 1105 1153 mutentiasetauethemstismosuberrlmedeoleret
1116 1097 1366 1170 Postremereliques
1374 1099 1411 1152 ab
1418 1099 1573 1154 Orimtalrbus

438 1183 520 1238 editas
526 1183 708 1255 professiones,
717 1198 784 1255 ques
789 1201 849 1239 oum
854 1184 981 1239 catholica
987 1183 1037 1238 lide
1046 1189 1233 1238 consentaneas
1241 1189 1311 1250 sunt,
1319 1185 1436 1256 exponit.
1447 1183 1574 1248 Quibusits

437 1269 579 1341 praefatur:
592 1269 704 1339 Quum
715 1279 798 1323 auteur
806 1280 844 1322 est
853 1274 1007 1323 commentia
1017 1275 1138 1323 corruerent
1146 1273 1221 1322 etium
1231 1281 1347 1323 caetera
1354 1272 1488 1324 modes
1495 1274 1575 1340 epitro-

433 1357 692 1426 poruerors‘eutob'ers
705 1357 847 1409 discrete
858 1357 981 1407 otiosis
993 1365 1022 1407 et
1032 1355 1228 1426 temporibus
1240 1357 1575 1425 commiptuefideesnscere,

437 1448 520 1510 utper
526 1442 616 1510 piures
627 1445 794 1511 confessiones
808 1444 945 1494 sinceritas
962 1444 1131 1493 commensus
1145 1443 1226 1511 possit
1241 1441 1357 1509 intedipe'.
1390 1439 1487 1495 Subdii
1499 1447 1576 1511 postet

437 1523 598 1579 Sardiesnsis
609 1525 778 1580 Orientalium
793 1525 887 1595 synodi
901 1525 1049 1580 formulam.
1077 1525 1145 1579 'l'um
1159 1527 1197 1578 ita
1212 1526 1310 1597 pergit:
1334 1525 1490 1596 Goeeeosem
1508 1535 1576 1578 oues

438 1619 486 1675 eet,
497 1618 526 1662 ot
535 1629 591 1664 eurr
602 1629 668 1664 nunc
673 1614 752 1681 fidere
763 1619 928 1664 retractemus
932 1649 939 1674 ,
956 1627 1020 1679 quoe
1032 1629 1080 1664 uos
1089 1613 1149 1663 otior
1160 1619 1228 1676 turso,
1245 1629 1301 1663 curs
1312 1610 1437 1664 Plestinus
1448 1615 1577 1681 φιιωραιι

338 1715 413 1768 utta
439 1697 550 1749 detecteu
569 1705 618 1760 eet,
644 1699 789 1766 retempta
812 1703 855 1749 est.
888 1695 954 1749 hiox
971 1695 1119 1750 sirmiensis
1140 1697 1240 1750 consilii
1257 1695 1447 1767 pussessionem
1463 1695 1577 1749 desenb‘r.

438 1780 520 1834 Satin’
528 1787 615 1850 aperte
623 1781 742 1835 Latinum
753 1781 825 1834 iilam
836 1781 1058 1851 posterioremque
1065 1781 1203 1836 termulum
1213 1781 1247 1834 ab
1256 1780 1327 1846 Osis,
1338 1786 1369 1834 ut
1379 1781 1477 1846 scribit,
1489 1780 1577 1840 editeu,

439 1866 599 1920 aslrmiensi
609 1866 718 1919 coneilio
730 1872 841 1937 separat,
853 1865 923 1936 quod
934 1865 1060 1920 diverso
1072 1871 1212 1936 tempore
1223 1867 1382 1920 celebretum
1393 1866 1522 1920 affirmet?
1536 1863 1578 1918 sei

438 1957 465 2004 et
475 1967 535 2004 cum
546 1951 716 2021 reloquitur,
728 1963 798 2004 tuuc
810 1969 865 2003 coos
876 1952 999 2004 Pbotr'rrus
1010 1955 1156 2021 episcopatu
1166 1953 1276 2004 deiecisse
1287 1960 1334 2015 est,
1350 1950 1467 2021 itemque
1476 1967 1533 2004 oum
1542 1965 1578 2002 ee·

438 2037 593 2107 positionem
601 2035 663 2089 fidei
671 2043 760 2090 conus
768 2036 905 2090 Photiuum
918 2037 1041 2106 sculptum
1052 2037 1194 2106 explicans,
1206 2035 1244 2089 his
1255 2035 1342 2090 verbis
1352 2035 1464 2090 orditur:
1475 2036 1579 2089 Necessi-

439 2132 480 2174 ine
491 2131 620 2192 cttcrepue
630 2124 760 2175 admonuit
770 2139 811 2174 eos
821 2126 865 2192 qui
880 2131 939 2174 turs
956 2131 1123 2174 conuerterant
1128 2139 1179 2192 per
1189 2123 1337 2191 medtipb'oee
1348 2125 1504 2191 quaoesoeee
1512 2123 1579 2172 toties

439 2223 472 2259 oc
484 2208 601 2276 deffertur
612 2211 787 2277 expositionem
792 2210 858 2276 fidei
868 2209 989 2260 ordinare
1001 2214 1055 2270 etc,
1071 2223 1124 2260 non
1137 2205 1242 2260 obscure
1253 2205 1324 2258 eliud
1339 2206 1409 2260 illins
1420 2212 1521 2278 tempus
1531 2221 1579 2258 ess

438 2290 576 2360 signifieat
610 2291 665 2345 Hos
682 2293 753 2346 enim
768 2297 865 2345 stteute
876 2291 1033 2345 censidereri
1042 2292 1176 2356 velumus,
1193 2290 1262 2361 quod
1272 2307 1332 2346 oum
1344 2289 1465 2363 deiuoeps
1476 2301 1580 2345 cosmoe

439 2379 571 2430 eorundem
582 2379 741 2430 mentalium
753 2382 924 2447 cpiscoporum
936 2379 1044 2429 diuerue
1055 2386 1079 2429 et
1089 2378 1152 2430 toste
1163 2387 1187 2430 et
1197 2375 1346 2447 tempor-ihus
1362 2377 1580 2448 conon'ptosfidee

439 2462 618 2532 expositurum
635 2479 663 2515 se
680 2478 738 2515 esse
754 2462 948 2526 denunciarest,
965 2461 1064 2515 nuliam
1080 2467 1181 2532 praeter
1192 2461 1371 2516 sardicensem
1387 2468 1415 2515 et
1424 2462 1579 2516 sirmiensem

439 2552 530 2600 contra
538 2546 676 2600 Pherinum
685 2547 779 2600 editam
788 2547 933 2602 subiecerit
949 2546 989 2600 lix
999 2563 1051 2618 quo
1060 2547 1205 2600 neeesssrio
1217 2547 1340 2617 sequitur,
1351 2563 1405 2600 nou
1417 2549 1501 2602 minus
1512 2549 1579 2600 ἰιιιιι

440 2647 518 2701 quam
527 2630 714 2696 Smdiceusem,
725 2632 749 2685 ei
759 2648 812 2685 nen
822 2633 887 2686 loeis
899 2633 933 2686 eb
945 2631 1042 2686 Osisne
1052 2637 1078 2684 et
1088 2631 1181 2685 Latina
1191 2633 1332 2703 posteriore
1343 2632 1460 2698 diuersis,
1470 2632 1579 2703 tempori

439 2715 488 2768 hus
500 2720 567 2768 certe
584 2731 637 2768 nen
654 2716 746 2769 iisdem
763 2733 820 2771 esse
837 2719 1017 2789 conscriptam.
1052 2717 1184 2772 Postremo
1196 2717 1321 2788 sulpitius
1332 2717 1444 2772 srrerue
1454 2719 1498 2772 lib
1505 2735 1533 2772 m
1544 2717 1581 2770 trs

438 2800 534 2852 sterias
545 2798 640 2853 sturae
655 2801 753 2871 liquida
767 2807 907 2872 aperteque
922 2801 1068 2856 narratione
1080 2803 1162 2856 multe
1173 2803 1201 2856 ici
1210 2803 1321 2856 validius
1332 2802 1474 2857 confirmet
1496 2801 1582 2856 scribit

439 2885 508 2937 enim
519 2890 581 2955 post
590 2884 769 2939 snrdioensem
780 2886 909 2956 synodum
921 2891 947 2939 et
958 2886 1057 2940 Urseeii
1072 2901 1102 2940 ao
1113 2887 1230 2942 Veientis
1245 2887 1443 2959 poenitentiam,
1459 2887 1581 2941 interiecto

440 2969 531 3023 deinde
541 2974 670 3039 tempore,
686 2985 745 3024 cnm
757 2969 912 3025 Athenasius
923 2972 1087 3037 Macellum,
1104 2973 1148 3042 qui
1161 2973 1189 3026 in
1201 2973 1347 3027 smdieensi
1358 2973 1468 3027 coneilio
1478 2989 1494 3025 s
1503 2971 1583 3025 mtbe

438 3055 495 3108 licis
512 3060 568 3108 eret
584 3055 731 3121 absolutus,
747 3071 840 3127 perum
855 3073 934 3112 senae
945 3057 1006 3112 fidei
1017 3063 1177 3129 compertum
1189 3073 1206 3110 e
1216 3059 1397 3112 commuuione
1408 3057 1582 3130 suspendisset,

438 3140 548 3195 Arinem
559 3157 591 3194 ee
602 3143 735 3196 occasione
745 3142 854 3196 libenter
866 3159 941 3209 usos,
957 3159 1008 3214 quo
1020 3142 1180 3198 serdicensis
1191 3142 1287 3212 synodi
1296 3143 1398 3196 decretu
1407 3144 1582 3197 subverterent

438 3225 521 3297 Igitur
537 3232 623 3280 estuto
645 3228 754 3282 oonsilio
771 3227 886 3294 Photini,
907 3229 1022 3282 Mereeili
1043 3237 1069 3282 et
1085 3227 1218 3282 Athenaeii
1237 3227 1429 3282 damnationem
1447 3227 1582 3286 munisse

441 3312 506 3366 sum
517 3313 588 3366 enim
598 3315 732 3383 propalam
743 3315 833 3367 Ariani
844 3315 937 3368 erroris
948 3314 989 3367 sui
1000 3313 1124 3384 dogmata
1138 3313 1284 3385 preetiioare
1300 3329 1352 3367 uon
1367 3314 1490 3368 suessent
1503 3329 1532 3366 se
1546 3325 1582 3364 ca·

439 3395 549 3452 thollem
561 3414 590 3450 se
601 3404 728 3467 gererent,
740 3397 804 3452 nihil
815 3400 886 3468 prius
898 3401 949 3452 sibi
959 3399 1088 3469 egendum
1099 3405 1168 3453 retus
1180 3415 1237 3452 esse
1249 3413 1326 3468 quem
1339 3405 1368 3452 ut
1378 3397 1542 3453 Athanasium
1552 3396 1581 3448 ab

440 3483 549 3536 ecclesie
560 3483 749 3537 submoverent.
781 3482 832 3535 Sed
844 3499 904 3536 oum
916 3483 1003 3538 literm
1015 3485 1046 3538 de
1057 3485 1102 3538 ille
1112 3483 1227 3548 Photinl,
1239 3485 1355 3538 Menoetii
1366 3489 1393 3538 et
1405 3483 1531 3538 Athanasii
1540 3481 1582 3532 de·

438 3568 572 3619 muetiouo
583 3566 727 3631 dedissent,
743 3568 867 3620 restitisse
879 3567 1020 3621 ostholicos
1032 3569 1133 3636 scribit,
1151 3575 1229 3640 atque
1245 3569 1313 3623 inter
1329 3575 1445 3624 motem
1456 3567 1581 3622 Paulinum

439 3650 625 3704 Trevereusem
639 3653 677 3704 ita
693 3652 890 3721 subscripsisse,
905 3669 934 3705 ss
950 3654 978 3706 in
989 3652 1092 3708 Photini
1102 3661 1179 3725 etque
1191 3655 1305 3708 hieroelli
1317 3654 1506 3709 damnetiouem
1516 3665 1582 3722 pne·
1610 3697 1611 3722 ,

439 3733 501 3788 bere
512 3751 680 3800 eonsensum,
698 3736 729 3788 ds
741 3734 881 3790 Athannsio
898 3755 952 3791 non
968 3740 1086 3808 probare.
1122 3739 1206 3803 Quare
1223 3755 1281 3793 cnm
1292 3739 1396 3793 illorum
1408 3739 1439 3794 ie
1451 3737 1582 3792 Athenariu
1610 3727 1611 3780 i

440 3821 569 3873 sententia
579 3819 762 3890 repudieretur,
777 3821 892 3892 plerique
904 3839 921 3874 a
932 3821 1083 3909 sopotsntio
1094 3825 1213 3896 relegati,
1230 3839 1261 3878 ae
1276 3831 1332 3878 tum
1343 3824 1498 3878 Areietensis
1509 3827 1533 3875 et
1542 3819 1582 3874 Bi·

440 3905 562 3958 tenensis
576 3905 668 3974 synodi
685 3905 853 3970 celebrentur,
869 3907 930 3960 inde
941 3909 1154 3989 Mediolanensis3
1171 3911 1198 3963 in
1216 3925 1268 3979 qua
1282 3911 1400 3980 insigues
1417 3909 1519 3981 quidem
1532 3905 1582 3976 epi·
1610 3923 1611 3976 t

440 3990 513 4060 scopi
524 3990 551 4043 iu
562 3991 670 4044 exilium
681 3990 762 4062 pulei,
773 3989 915 4060 Dionysius
926 3994 1140 4059 mediolanensis,
1156 3993 1283 4048 Eusebius
1292 3993 1475 4060 vercellensis,
1489 3990 1581 4048 huoiier

441 4073 611 4140 Galaritenue,
622 4075 739 4130 Liberius
751 4091 853 4146 quoque
864 4084 890 4130 st
898 4077 1017 4135 Hilarius.
1036 4080 1108 4144 Ques
1119 4080 1207 4134 omnis
1214 4079 1352 4133 Arbetione
1364 4079 1511 4134 ethelliene
1521 4091 1581 4130 sose.
1610 4079 1611 4146 ζ

441 4160 509 4214 neu
520 4175 577 4213 esse
589 4161 685 4216 scribit
707 4161 776 4215 ilaeo
788 4164 937 4217 summatim
950 4163 1083 4234 sulpitius.
1112 4164 1210 4229 Quibus
1221 4165 1338 4236 superior
1348 4165 1392 4218 iiie
1403 4166 1506 4235 egnitne
1516 4177 1531 4214 e
1540 4175 1580 4213 ro-
1610 4195 1611 4210 ι

441 4246 482 4300 his
494 4245 673 4316 stpeteieotus
690 4260 760 4300 error
776 4248 944 4303 convincitur.
968 4249 1045 4303 Vides
1063 4251 1133 4303 enim
1149 4255 1209 4321 post
1225 4249 1404 4304 serdicensem
1422 4249 1542 4321 quodum
1555 4249 1580 4296 et

440 4336 557 4403 receptes
567 4331 595 4384 iu
606 4332 813 4385 communionem
826 4332 960 4387 Ursacium
976 4349 1007 4388 eo
1018 4335 1165 4400 Veientem,
1180 4335 1311 4404 eliquanto
1324 4341 1441 4407 tempore
1451 4333 1578 4391 uester.
1610 4395 1611 4400 χ

442 4417 608 4471 sirmiensem
616 4415 738 4469 serenus
747 4415 885 4472 Photinum
893 4419 1049 4473 celebratam
1060 4419 1195 4489 synodum,
1207 4427 1267 4473 euts
1276 4421 1454 4475 Arelatensem
1462 4415 1577 4474 ethisiie·

441 4501 588 4568 leneussm,
602 4517 651 4555 nee
661 4517 714 4554 nou
726 4507 865 4572 antequam
876 4503 995 4558 Liberius
1006 4519 1084 4575 pepe,
1101 4505 1239 4570 Eusebius,
1255 4507 1350 4576 aliique
1365 4505 1576 4576 proscriberentur·

442 4585 521 4656 Atqui
531 4587 729 4642 conciliabulum
740 4588 901 4654 Areieteuse,
919 4590 989 4660 quod
1000 4605 1016 4642 s
1027 4589 1167 4644 sntumino
1180 4589 1335 4644 celebratum
1348 4597 1401 4656 ost,
1419 4605 1488 4644 annu
1498 4581 1576 4643 siritii

443 4683 551 4727 eccum
567 4674 689 4742 contigit,
704 4687 765 4725 cum
776 4673 870 4727 sirmio
887 4675 915 4728 in
927 4673 1024 4729 Galliae
1036 4675 1165 4746 protectus
1180 4681 1248 4728 esset
1259 4673 1440 4741 constentins,
1448 4663 1486 4731 ¹ut
1500 4671 1575 4729 inte·
1610 4689 1611 4732 t

441 4755 654 4828 nelibuslegitur,
664 4756 926 4814 Mediolanensereru
935 4775 1003 4812 enno
1013 4773 1106 4814 nunus.
1119 4760 1258 4814 Arbetione
1265 4766 1292 4812 et
1299 4760 1416 4814 Letheno
1425 4775 1492 4816 coss.
1506 4759 1574 4813 ‘leuto

441 4839 521 4911 igitm
531 4847 591 4895 ente
601 4847 717 4914 tempore
727 4841 865 4900 samustm
875 4843 1000 4900 Photinus
1012 4859 1043 4901 ee
1052 4843 1201 4900 sirmiensis
1212 4849 1317 4916 peracte
1327 4845 1445 4915 synodus
1456 4850 1501 4912 est,
1510 4851 1575 4913 qum
