3650 5642
414 595 525 652 cxxiv

414 767 450 806 ex
459 752 494 806 iis
504 749 667 823 εεςοιοοαᾱε
676 751 828 806 comicimas
839 767 907 824 qnae
918 759 980 808 sont
990 759 1068 810 antu
1078 753 1220 826 proposita.
1242 753 1322 826 Atqui
1331 762 1364 810 ca
1377 757 1441 811 anni
1451 773 1468 810 a
1479 755 1576 810 Christi

414 839 473 893 orer
483 837 519 890 ad
527 837 593 892 illbd
607 842 710 908 tempas
727 837 808 909 elapsi
824 845 1000 894 numerantur.
1034 840 1075 894 ita
1091 840 1196 910 quidem
1211 840 1339 896 lustinus:
1357 842 1404 896 sed
1421 859 1480 896 enm
1495 845 1574 914 panio

413 923 525 980 tortam
535 923 595 993 plns
607 938 659 976 oxa
674 923 751 976 annis
767 921 920 991 romscot,
935 925 1058 992 rotundo,
1074 929 1105 978 nt
1118 927 1228 991 molet,
1242 943 1350 981 numero
1369 931 1430 981 ante
1445 943 1526 982 mnes
1539 944 1575 982 ca

414 1009 490 1064 dixit.
511 1007 551 1062 De
561 1007 675 1062 Eusebio
686 1007 810 1080 expedita
820 1027 862 1064 ree
873 1012 934 1076 erit,
951 1011 974 1064 ei
990 1016 1036 1064 ant
1051 1012 1146 1082 ipsine,
1163 1017 1209 1066 ant
1219 1012 1328 1078 librarii,
1345 1013 1423 1084 calpa
1434 1016 1464 1084 τῇ
1477 1013 1577 1083 δευτέρα

414 1111 462 1168 pro
473 1097 504 1165 τῇ
515 1093 623 1164 προτέρα
633 1093 770 1165 irrepsisse
780 1095 905 1150 dieamus
929 1095 996 1150 Nam
1011 1097 1147 1168 perspicae
1158 1096 1202 1165 τὴν
1214 1097 1327 1168 δευτέραν
1337 1097 1408 1152 illam
1419 1115 1478 1152 esse
1494 1100 1577 1169 signi-

414 1180 478 1236 lloat
487 1195 568 1252 qaam
577 1181 749 1250 acepsimam
758 1181 883 1236 tacimm
893 1181 1005 1252 primam
1017 1187 1104 1236 antem
1116 1197 1182 1253 qaae
1193 1183 1270 1236 nobis
1281 1187 1322 1236 est
1332 1184 1454 1240 secunda.
1474 1183 1577 1239 rostro

414 1283 489 1322 mam
504 1272 582 1338 atque
598 1266 715 1320 omnium
731 1266 915 1321 dificiliimam
930 1272 971 1320 est
984 1268 1053 1338 qnod
1066 1267 1241 1323 debtarcione
1252 1269 1327 1322 nobie
1340 1269 1468 1324 obiicitur.
1485 1269 1578 1334 Quem,

415 1359 446 1406 nt
455 1357 628 1406 consentanea
636 1352 783 1423 loquamur,
794 1353 978 1407 affirmandm
989 1357 1093 1407 estnon
1105 1354 1236 1408 Antonino
1246 1354 1351 1408 demum
1362 1355 1519 1426 imperante,
1531 1355 1578 1408 sed

416 1439 466 1492 sob
476 1437 590 1492 Adriano
601 1439 727 1508 coepisse.
750 1439 835 1510 Atque
846 1437 916 1492 hand
932 1439 986 1492 scio
1003 1455 1037 1492 an
1048 1439 1099 1493 dno
1110 1439 1181 1493 illins
1193 1439 1377 1511 distinguenda
1387 1441 1441 1494 sint
1450 1447 1578 1512 tempora,

416 1525 484 1578 utin
494 1524 624 1594 plerisque
635 1522 786 1578 haeresibus
802 1523 907 1589 accidit,
924 1523 961 1578 ita
977 1530 1007 1578 nt
1022 1523 1072 1578 snb
1084 1524 1197 1578 Adriano
1212 1526 1326 1598 primam
1343 1527 1470 1598 eruperit,
1486 1533 1581 1600 postea

416 1626 478 1663 vero
494 1609 543 1663 sab
558 1609 691 1663 Antonino
704 1611 783 1680 longe
797 1610 901 1679 lateque
917 1611 1069 1682 propagatis
1088 1611 1218 1664 erroribus
1235 1611 1335 1664 celebre
1352 1611 1403 1665 sibi
1418 1629 1515 1667 nomen
1535 1629 1580 1683 pe·

416 1695 519 1766 pererit
541 1695 758 1749 Ao'iertnilianne
766 1695 883 1766 protecto
891 1696 942 1755 etsi
950 1697 999 1750 snb
1006 1697 1137 1750 Antonino
1145 1695 1304 1750 Marcionem
1316 1712 1429 1751 errorem
1439 1695 1581 1751 exhalasse

417 1781 527 1845 scribat,
541 1786 624 1851 negat
637 1785 727 1834 nmen
738 1781 805 1834 scire
815 1797 844 1834 se
856 1787 936 1852 quoto
948 1783 1004 1835 eius
1016 1797 1084 1836 anno
1095 1783 1216 1852 cooperit
1242 1781 1321 1843 Qnoto
1332 1785 1429 1852 paidom
1442 1801 1523 1846 acac,
1541 1783 1580 1836 in-

417 1866 486 1938 quit,
498 1866 624 1918 Antonini
632 1869 740 1918 notorio
750 1869 783 1920 de
793 1867 873 1919 Ponto
883 1885 928 1919 eoo
940 1867 1100 1920 exhalaverit
1110 1887 1178 1920 aura
1190 1871 1361 1934 canicularis,
1377 1887 1426 1920 nco
1437 1874 1532 1921 caraci
1544 1873 1581 1920 io·

417 1956 554 2020 casipate.
576 1949 737 2022 Epiphaniae
748 1952 775 2004 in
786 1952 1000 2006 Marcionitarnm
1015 1951 1116 2006 haeresi
1131 1953 1221 2006 scribit
1231 1953 1391 2007 Marcionem
1406 1970 1468 2007 cnm
1480 1970 1497 2007 a
1507 1960 1581 2024 patre
1625 1965 1626 2028 ξ

418 2053 467 2091 ano
483 2037 575 2106 palsas
590 2051 681 2106 pacem
698 2051 730 2090 ac
740 2038 844 2090 veniam
860 2037 987 2092 eblandiri
1002 2038 1080 2092 nullis
1096 2038 1216 2109 precibus
1232 2045 1332 2109 posset,
1347 2039 1459 2094 &mam
1475 2055 1505 2092 se
1522 2045 1584 2110 post

418 2121 516 2192 Hygini
531 2122 632 2176 obitmn
647 2123 796 2178 contulisse.
820 2122 938 2194 Gamqne
954 2122 1035 2178 nihilo
1050 2123 1136 2195 magis
1153 2124 1223 2194 quod
1238 2125 1360 2195 capiebat
1374 2125 1427 2178 illic
1443 2125 1583 2188 obtineret,

419 2214 476 2262 tam
486 2209 592 2262 demum
602 2209 736 2280 publicata
745 2208 847 2264 haeresi
857 2225 907 2262 sua
918 2211 1054 2264 eccleciam
1066 2225 1240 2280 oppugnasse.
1263 2210 1360 2280 Hygini
1377 2211 1463 2264 obitus
1481 2211 1583 2264 conier-

419 2300 463 2350 tor
470 2295 500 2349 in
511 2311 610 2350 annam
617 2296 743 2350 Antonini
751 2313 835 2360 ursa,
846 2303 907 2349 ante
919 2295 988 2367 qnod
997 2301 1099 2366 lempna
1108 2297 1268 2350 Marcionem
1277 2294 1404 2350 haeresim
1415 2311 1492 2349 snam
1501 2295 1583 2350 disse·

419 2384 534 2438 mlnasse
545 2388 716 2447 necessust,
732 2397 793 2436 cnm
804 2381 932 2446 Iastium,
950 2382 994 2452 qni
1005 2382 1149 2448 Antonino,
1166 2387 1193 2435 at
1204 2381 1308 2452 quidem
1319 2381 1420 2453 imperil
1431 2379 1488 2434 eins
1499 2383 1585 2444 initio,

419 2471 576 2542 Apologtam
588 2469 692 2533 obtulit,
703 2468 843 2522 Marcionis
854 2467 1009 2522 meminerit.
1028 2467 1113 2532 Qnare
1122 2467 1233 2538 duplex,
1244 2468 1283 2520 nti
1292 2467 1502 2532 conficiebamus,
1513 2467 1585 2521 biar-

420 2558 590 2611 eionistarnm
605 2561 677 2608 ortam
694 2571 753 2608 asse
768 2553 853 2609 debet
884 2553 952 2607 Nam
967 2554 1081 2624 primurn
1096 2554 1124 2606 in
1135 2551 1217 2607 Ponto
1229 2553 1293 2607 Asia
1309 2553 1438 2606 duntaxat
1453 2553 1586 2607 netarium

421 2644 519 2712 dogma
528 2641 699 2712 praedicarit,
714 2640 794 2710 idque
804 2639 918 2694 Adriano
930 2639 1083 2712 insperante:
1101 2644 1193 2709 postea
1204 2639 1253 2692 snb
1265 2639 1396 2692 Antonino
1407 2639 1519 2692 maiores
1533 2645 1586 2692 tra·

420 2728 486 2782 bens
497 2725 791 2798 spiritosrebementins
801 2726 830 2778 in
840 2726 946 2779 eosdem
957 2726 1016 2778 illos
1029 2741 1127 2778 errores
1137 2723 1222 2796 coepit
1233 2725 1390 2779 incombere.
1406 2723 1511 2794 Hygino
1522 2741 1586 2778 vero

422 2813 528 2868 demum
541 2817 644 2866 mortno
660 2813 780 2883 primitas
797 2811 894 2880 dogma
909 2809 1033 2864 (lordonis
1050 2811 1220 2881 interpolasse
1237 2810 1397 2864 Marcionem
1418 2809 1586 2864 nullomodo

422 2915 524 2954 censeo.
547 2898 618 2952 ilaec
632 2897 665 2950 da
680 2897 774 2952 Instini
790 2912 820 2950 ao
831 2896 974 2950 Muoionis
989 2897 1149 2967 temporibus
1166 2895 1246 2950 habui
1262 2912 1329 2967 quae
1346 2895 1465 2949 dicerem.
1493 2893 1588 2950 Dicent

422 2986 467 3039 alii
477 2984 590 3039 lanosae
600 2984 715 3037 meliora
738 2981 805 3038 Nam
816 2982 914 3036 nostris
925 2982 978 3036 iilis
989 2999 1042 3036 non
1054 2981 1119 3036 adeo
1130 2981 1299 3048 confidimns,
1315 2985 1345 3035 ut
1360 2999 1413 3035 non
1429 2979 1519 3035 afferri
1535 2997 1588 3034 cer·

420 3073 490 3126 tion
499 3085 577 3141 posse
586 3082 731 3140 speremus.

489 3155 532 3217 ‘os
544 3156 597 3227 περὶ
609 3155 638 3210 rb
650 3155 790 3209 δωδέκατον
801 3151 876 3223 ἵεσο]
899 3154 1096 3209 Consentaneus
1108 3169 1179 3208 error
1190 3159 1231 3207 est
1242 3153 1266 3207 ei
1278 3169 1356 3224 qnam
1366 3153 1444 3224 paolo
1457 3160 1539 3208 antea
1550 3171 1588 3208 re·

421 3244 578 3310 rabonus,
593 3243 644 3297 snb
659 3243 773 3296 Adriano
789 3257 897 3314 passam
908 3258 967 3296 essa
978 3241 1116 3296 lustinum.
1140 3239 1214 3304 Quod
1229 3255 1290 3293 cnm
1305 3239 1401 3293 falsum
1417 3239 1463 3306 slt,
1480 3240 1589 3310 perinde

423 3332 520 3386 talsmn
539 3335 581 3384 est
599 3331 649 3384 snb
666 3329 798 3384 Antonino
812 3327 871 3394 Pio,
891 3327 1012 3382 videlicet
1030 3331 1091 3398 post
1110 3326 1202 3380 Instini
1222 3325 1335 3390 obitum,
1355 3323 1473 3380 scholam
1492 3327 1588 3380 arrorb

423 3418 556 3488 spernisu
567 3415 718 3479 Tatiannm‚
731 3415 801 3485 qaod
811 3414 861 3467 snb
872 3414 962 3468 blaseo
973 3413 1079 3466 Aurelio
1090 3411 1175 3465 iacere
1186 3411 1278 3482 potnit

491 3501 523 3554 ii.
536 3519 570 3554 ιν.
594 3499 694 3553 Ἕνεκεν
706 3499 732 3552 bi
744 3496 898 3569 sosipatrem
909 3496 934 3550 ic
944 3497 1013 3566 ito]
1040 3497 1161 3550 Notanda
1175 3493 1313 3567 ilpipbanii
1329 3497 1472 3563 sententia,
1487 3501 1589 3551 veteres

424 3586 513 3639 Patres
524 3591 585 3640 ante
597 3585 741 3649 Christum,
758 3586 803 3655 qui
820 3584 894 3637 salva
903 3583 955 3637 lide
966 3587 1150 3654 peccaverant,
1165 3587 1301 3654 propterea
1311 3581 1381 3652 apud
1391 3582 1488 3636 interos
1500 3581 1589 3638 doten-

425 3676 466 3725 tos
478 3686 548 3736 essa,
561 3670 643 3724 donec
653 3687 670 3724 a
681 3669 783 3724 Christo
794 3670 973 3722 liberarentur.

333 3795 354 3835 μ
368 3783 399 3824 04„
492 3756 524 3812 ii.
535 3775 561 3809 ν.
584 3755 627 3808 hob
640 3755 680 3808 xci
691 3752 814 3825 inopinos
826 3752 876 3806 ieri
886 3754 930 3806 τἀν
940 3751 1042 3822 εἰδότα]
1066 3753 1165 3806 Tritam
1181 3753 1213 3808 de
1226 3751 1372 3824 Golgothse
1387 3753 1442 3808 eive
1454 3751 1590 3808 Ueturiae

426 3842 601 3913 appellatione
610 3841 765 3895 sententiam
774 3839 898 3910 seqnitur,
909 3843 940 3892 nt
951 3839 984 3893 ab
993 3839 1086 3894 Adami
1094 3839 1196 3910 sepulto
1207 3839 1332 3893 cadavere
1343 3855 1374 3892 ac
1385 3837 1473 3892 oranio
1482 3839 1592 3893 deducta

426 3929 469 3982 ait.
485 3929 521 3980 At
531 3927 643 3996 Gyrillus
654 3925 758 3981 (lateob.
771 3943 830 3980 xm.
842 3924 990 3996 prophetice
1007 3925 1045 3978 sic
1060 3924 1189 3979 aGbristo
1200 3925 1364 3979 nominatum
1375 3925 1511 3978 existimat
1521 3925 1590 3980 banc

426 4015 528 4079 locum,
540 4013 622 4084 qnod,
634 4019 665 4068 nt
675 4013 713 4066 ait
723 4011 857 4084 apostolas
863 4051 871 4077 ,
882 4017 962 4082 capnt
972 4011 1021 4064 riri
1033 4011 1068 4064 sit
1079 4009 1210 4076 Christus,
1223 4009 1319 4066 Christi
1329 4015 1418 4065 antem
1429 4010 1501 4066 deus.

846 4269 909 4335 Ab
935 4267 1116 4336 LIBRUM
1136 4269 1175 4333 11.

583 4388 630 4444 sn
646 4387 821 4444 mensem
837 4387 956 4454 narn,
977 4387 1066 4452 oona
1083 4387 1146 4441 nen
1163 4385 1439 4442 anonancanon.

496 4527 527 4582 N.
540 4545 557 4581 1.
576 4525 619 4580 ’Ee
630 4531 660 4598 τῇ
672 4525 772 4596 Φρυγίᾳ
783 4531 813 4597 νῇ
824 4525 979 4596 κεκαυμένῃ]
1003 4525 1041 4578 lla
1057 4529 1098 4578 est
1108 4524 1178 4594 apud
1190 4523 1345 4578 Strabonem
1360 4523 1379 4577 l.
1391 4539 1448 4577 rur.
1459 4521 1591 4592 Lydorum

428 4615 616 4684 biysoramque
626 4612 700 4684 regio
711 4611 744 4665 ad
754 4611 934 4666 Maeandrum.
958 4613 993 4664 At
1003 4609 1151 4680 Stephanus
1164 4608 1380 4680 Κατανεααυμένην
1389 4608 1475 4680 χώραν
1487 4609 1526 4661 ait
1538 4623 1592 4661 esse

375 4685 380 4695 ’
429 4702 471 4766 τῆς
483 4697 597 4768 Ἐφεσίας
609 4717 643 4753 ex
654 4715 712 4752 rm.
723 4697 860 4751 Strabonis
871 4697 947 4752 libro.
971 4695 1072 4750 Caeteri
1083 4693 1224 4764 Phrygiam
1240 4711 1298 4749 esse
1310 4699 1425 4748 censent.
1448 4693 1592 4748 inventost

429 4785 585 4841 Laodiceam
599 4789 773 4856 cognomento
785 4780 1002 4853 insumpsisse
1014 4781 1041 4834 in
1056 4779 1200 4851 Lycaonia,
1217 4779 1400 4850 obedentia,
1417 4777 1487 4832 baud
1505 4777 1593 4849 procul

430 4873 463 4930 ab
477 4871 583 4956 bauria
