3650 5642
416 599 512 657 OOXX

416 759 495 825 etque
506 753 646 807 eiulafibns
655 753 766 807 meant
776 752 917 807 utendus
951 752 1090 823 Propterea
1105 753 1244 807 concilium
1255 752 1434 823 eumanum,
1451 758 1487 807 ut
1504 770 1581 825 supra

415 840 540 903 vidimus,
556 840 619 893 Cau.
629 856 684 893 m.
695 838 835 893 voluntarii
848 838 978 909 parricidii
993 855 1050 892 reos
1066 844 1121 892 toto
1133 840 1203 893 vitae
1213 844 1327 909 tempore
1339 837 1490 893 ὑποπίπτειν
1503 841 1582 895 iubet

483 927 567 995 Atque
583 923 692 977 eandem
708 940 766 977 esse
781 940 901 977 nussam
917 925 1042 993 suspicor,
1058 940 1104 977 our
1119 924 1305 995 poeniteutiam
1318 925 1426 979 nomine
1444 941 1531 995 saepe
1548 924 1583 977 illi

416 1011 465 1065 soli
476 1008 725 1080 comprehendantur
736 1025 752 1062 a
763 1009 880 1063 conciliis
891 1015 918 1061 et
929 1009 1058 1079 patribus,
1075 1009 1121 1080 qui
1136 1010 1163 1062 in
1178 1009 1261 1063 tribus
1275 1010 1366 1079 primis
1378 1010 1513 1079 gradibus
1524 1009 1583 1063 luee-

414 1105 508 1149 rereut
529 1094 597 1149 Nam
608 1095 635 1148 iu
647 1095 759 1165 liturgiis
769 1110 800 1148 ac
810 1094 944 1147 metietis
956 1100 1016 1165 post
1026 1095 1212 1164 scripturarum
1223 1094 1360 1149 lectionem
1373 1102 1400 1149 et
1412 1094 1501 1149 divini
1512 1095 1584 1149 verbi

414 1180 632 1252 praedicationem
648 1181 801 1250 priusquam
818 1179 851 1233 sd
870 1195 965 1233 aroana
986 1180 1189 1249 augustioraque
1208 1180 1332 1248 mysteria
1352 1180 1584 1251 progrederentur,

415 1264 627 1329 catechumenos,
644 1282 833 1333 energumenos
849 1281 910 1319 cum
927 1264 1118 1335 poenitentibus
1134 1262 1264 1319 facessere
1281 1264 1405 1319 diaeonus
1422 1266 1584 1337 immersu.

415 1352 556 1419 Dionysius
572 1351 618 1405 lib.
636 1351 668 1403 de
683 1350 780 1405 Bootes.
796 1350 893 1403 liierar.
909 1366 967 1419 cap.
981 1368 1021 1405 ιιι.
1039 1350 1080 1401 καὶ
1096 1346 1156 1419 μετὰ
1168 1350 1257 1409 τούτοις
1269 1350 1405 1415 {laedones
1416 1354 1526 1420 sacras)
1538 1348 1585 1411 ἔξω

415 1435 522 1507 γίνονται
534 1440 576 1501 silc
586 1434 649 1506 ἱιρᾶς
661 1439 775 1506 κοριοχῆς
786 1433 810 1486 oi
821 1436 1008 1504 οστηχούμενσι,
1020 1434 1061 1487 ael
1072 1435 1133 1505 προς
1145 1433 1227 1495 αὐτοῖς
1240 1434 1263 1487 ol
1274 1433 1454 1505 lvrppouiqacvor,
1468 1436 1512 1489 ml
1525 1434 1548 1487 ol
1560 1434 1582 1487 lv

416 1520 531 1591 μισσνσίο
539 1516 614 1583 ὄντες.
639 1520 683 1573 Sic
692 1522 719 1573 iu
729 1520 933 1590 Constitrlpost
944 1520 1047 1575 libvrrr.
1056 1536 1155 1590 ceprr.
1182 1516 1250 1571 ttett
1261 1516 1371 1580 διάκονος
1380 1520 1482 1589 λεγέτω
1490 1520 1507 1589 ,’
1520 1524 1586 1573 Απο-

415 1605 501 1659 tiron
509 1604 533 1658 el
540 1604 565 1657 iv
574 1605 695 1676 praesulq-
717 1605 830 1658 Verbum
839 1609 884 1657 τοῦ
893 1602 1007 1657 ἀπολύειν
1017 1609 1124 1667 mianum,
1136 1606 1192 1657 sive
1201 1609 1347 1668 nunonem,
1358 1605 1507 1675 siguificat,
1519 1607 1586 1659 utin

415 1692 579 1762 expositione
590 1691 610 1745 F
610 1691 661 1744 idei
670 1688 817 1743 Catholicae
828 1690 857 1743 in
868 1690 923 1744 fine
935 1691 1020 1760 operis
1032 1690 1109 1744 huius
1118 1688 1270 1744 videbimus.
1288 1689 1486 1747 Posuiteutinru
1500 1692 1586 1761 itaque

415 1777 539 1831 dmeeeeio
550 1776 643 1839 fiebat,
660 1775 788 1828 dunusat
798 1792 891 1829 eornm
903 1777 949 1845 qui
965 1776 992 1829 in
1004 1776 1087 1829 tribua
1103 1775 1193 1846 primis
1210 1774 1334 1843 gradibus
1346 1784 1533 1841 censerentur,
1549 1778 1586 1829 nu'

415 1871 516 1916 veteres
527 1876 641 1915 omenes
651 1876 700 1913 nos
713 1859 818 1924 docent,
829 1862 981 1930 praesertim
995 1860 1112 1930 Gregorii
1122 1859 1311 1930 Thaumaturgi
1322 1861 1497 1927 undecimus,
1510 1862 1585 1931 idque

414 1947 533 2019 pluribus
544 1946 660 1999 Zonaras
671 1952 698 1999 et
709 1944 832 1999 Balsama
843 1946 997 2017 interpretes
1009 1947 1156 1999 observant
1189 1944 1257 1999 Nam
1273 1946 1318 2015 qui
1332 1946 1360 1999 in
1378 1954 1478 2016 quarto
1493 1946 1585 2017 gradu,

415 2030 465 2086 lroe
476 2035 557 2100 estet
570 2030 696 2099 συστάσει,
712 2032 922 2095 numerabantur,
939 2048 999 2085 cum
1011 2030 1131 2085 fidelibus
1143 2032 1355 2101 perseverabant:
1373 2030 1388 2096 b
1401 2032 1539 2099 σῦστσσκ,
1551 2034 1586 2085 ait

416 2116 638 2186 Thaumaturgus,
651 2115 694 2167 ἵνα
710 2116 850 2169 συνίσταται
865 2120 916 2177 τοῖς
929 2120 1035 2183 πιστοῖς,
1052 2114 1137 2186 καὶμὴ
1150 2113 1275 2186 ἔξέρχηταο
1287 2116 1347 2187 μετὰ
1359 2120 1409 2169 τῶν
1421 2116 1585 2187 καπηλσυμέ·

416 2218 473 2257 νων.
497 2201 650 2255 ilincmarua
661 2203 689 2255 iu
699 2201 816 2272 Epistola
826 2202 860 2254 sd
870 2202 1039 2257 lliucmarum
1051 2201 1250 2255 Lauduueusem
1261 2203 1425 2273 episcopum,
1441 2220 1530 2274 qnam
1545 2203 1584 2255 ln-

415 2288 507 2341 steiiua
523 2288 597 2341 citat:
623 2287 735 2348 Quidum
749 2289 866 2341 iubentur
881 2305 958 2358 usque
974 2290 1012 2341 od
1027 2290 1128 2339 missum
1140 2286 1374 2341 comelantum-ute
1385 2306 1495 2341 narrem
1506 2296 1535 2341 irs
1546 2306 1585 2339 ec·

417 2374 506 2427 ciesim
540 2372 650 2434 Quidum
663 2382 746 2427 nutent
756 2375 813 2425 solu
824 2377 896 2425 intre
907 2374 1042 2425 ecclesium
1048 2374 1163 2443 fidelium
1175 2378 1290 2425 erutione
1302 2377 1374 2441 irrupi
1383 2390 1485 2427 eccm
1497 2384 1584 2442 erym-

416 2462 512 2512 rioruns
523 2460 678 2522 celebritati,
691 2478 708 2511 σ
720 2460 862 2511 dominicae
874 2468 957 2510 uatem
970 2475 1069 2510 mensae
1082 2462 1196 2510 conuicio
1207 2462 1347 2526 scprepori.
1381 2456 1515 2522 Quocirca
1527 2455 1583 2509 oliv

417 2545 531 2597 σύστοσιι
542 2538 609 2603 ὄντες
620 2550 694 2597 exus
709 2544 896 2613 poenitentium
915 2542 1033 2597 ordinem
1049 2559 1083 2597 ox
1099 2543 1145 2597 illa
1160 2558 1290 2597 canonum
1302 2558 1332 2597 ao
1343 2542 1391 2597 1²1².
1401 2544 1534 2614 loquendi
1544 2560 1581 2597 ra·

417 2630 487 2683 tione
495 2629 587 2683 secred
598 2635 668 2681 aunt.

460 2779 603 2845 Quonam
619 2780 654 2834 ut
670 2780 916 2835 POENITENTIAE
936 2780 1052 2835 GRADU
1070 2780 1350 2837 SACRAMENTALIS
1368 2782 1542 2837 ABSLUTIO

836 2865 1009 2921 CONCESSA
1025 2866 1157 2923 euentu.

483 2968 523 3022 llr
536 2984 588 3038 quo
599 2969 645 3022 illa
656 2985 719 3023 sane
729 2984 783 3023 non
794 2968 859 3022 levis
868 2969 958 3021 existit
969 2970 1095 3038 quaestio,
1108 2985 1221 3039 quonam
1231 2982 1355 3042 tempore,
1367 2986 1452 3041 quove
1461 2972 1490 3025 in
1500 2970 1583 3041 gradu

417 3062 575 3127 postremam
593 3056 665 3109 iilarn
682 3055 829 3125 apeccatia
845 3055 1036 3109 absolutionem
1053 3057 1214 3125 poenitentes
1232 3057 1383 3109 obtinerent.
1418 3055 1496 3120 Quod
1513 3058 1583 3110 enim

418 3141 527 3195 subinde
539 3149 597 3211 post
608 3140 704 3195 editam
715 3148 880 3212 peccatorum
892 3140 1082 3195 contessionem
1095 3142 1195 3195 absolvi
1212 3158 1265 3195 uon
1281 3142 1406 3207 solerent,
1422 3142 1503 3212 idque
1519 3158 1582 3195 non·

417 3227 468 3281 uisi
480 3228 584 3298 expiato
596 3228 770 3297 poenitentiae
781 3234 896 3298 tempore
907 3236 1134 3296 consequerentur,
1150 3226 1266 3296 pluribus
1282 3234 1358 3279 autea
1374 3226 1581 3281 demonstratum

418 3320 466 3369 est.
500 3313 573 3367 Nunc
590 3314 653 3366 illud
668 3315 761 3366 merito
774 3314 913 3376 dubitatur,
930 3320 1078 3365 utrumnam
1092 3320 1183 3381 quarto
1197 3312 1302 3381 insuper
1313 3311 1410 3381 gradm
1426 3311 1476 3367 hoe
1488 3322 1529 3366 est
1539 3328 1581 3363 co·

419 3396 514 3466 orion,
530 3400 602 3469 prius
618 3398 813 3467 defungendum
825 3399 876 3450 illia
887 3397 966 3450 fuerit
977 3412 1055 3466 quum
1068 3398 1295 3461 sacramentalem,
1312 3406 1341 3451 ut
1352 3404 1461 3459 vocant,
1477 3397 1581 3451 absolu·

418 3484 516 3537 tionem
528 3484 705 3553 impetrarent,
721 3500 755 3535 an
767 3490 827 3551 poet
838 3480 980 3533 induruere
993 3482 1187 3535 absolverentur
1199 3498 1215 3533 a
1227 3483 1340 3551 peccatis
1351 3482 1389 3535 illi
1401 3482 1521 3551 quidem,
1537 3480 1580 3533 sed

419 3568 535 3621 nondum
544 3574 630 3620 muron
639 3568 671 3619 ad
681 3567 805 3621 dominici
813 3566 1023 3619 communionem
1032 3568 1148 3636 corporis
1159 3566 1360 3621 admitterentur.
1379 3568 1507 3621 derideri
1518 3582 1580 3619 saue

320 3666 393 3721 pesa
419 3659 516 3723 potest,
532 3660 592 3720 post
607 3651 749 3703 brinnaco
760 3660 923 3721 peecatorum
935 3651 987 3703 illis
997 3652 1112 3716 veniam,
1124 3651 1171 3705 hoe
1183 3661 1225 3705 est
1234 3653 1446 3705 sacramentalem
1458 3653 1532 3705 illam
1543 3666 1580 3703 re-

421 3736 580 3790 laxationem
592 3752 650 3789 esse
661 3752 820 3789 concessam.
856 3734 922 3789 Nam
940 3752 999 3789 cnm
1015 3738 1091 3789 tertio
1103 3752 1137 3789 ex
1149 3737 1193 3791 illo
1203 3737 1285 3807 gradu
1298 3738 1330 3791 sd
1343 3738 1458 3789 σύστασιν
1469 3752 1580 3791 emerse-

420 3829 489 3887 rant,
510 3823 668 3891 poeuitsutes
688 3836 746 3873 esse
763 3820 953 3890 quodammodo
975 3821 1137 3889 desinebant,
1158 3828 1187 3875 nt
1207 3824 1284 3892 paulo
1305 3830 1364 3877 ante
1384 3822 1579 3877 declaravimus.

423 3907 496 3972 Quod
508 3914 663 3976 argumento
676 3920 733 3959 esse
745 3914 841 3976 potest,
856 3907 974 3959 relaxata
986 3907 1036 3961 iuro
1049 3908 1100 3961 illis
1112 3924 1143 3959 ac
1155 3907 1298 3961 condonata
1314 3924 1371 3961 esse
1387 3907 1507 3972 crimina,
1523 3922 1579 3978 pro·

420 4002 476 4065 pter
487 4008 553 4062 quae
565 3992 592 4044 in
604 3993 677 4045 illam
691 3991 825 4045 obeundae
836 3993 1010 4062 poenitentiae
1021 3994 1202 4045 necessitatem
1215 3994 1382 4047 incurrerant.
1411 3992 1483 4046 Adde
1495 3992 1580 4047 omnia

420 4080 485 4143 iliis,
503 4094 555 4131 uuo
573 4084 681 4147 excepto
698 4077 796 4131 domini
814 4094 933 4146 coquere,
951 4093 1010 4131 cum
1024 4078 1130 4131 caeteris
1142 4077 1261 4131 fidelibus
1273 4078 1353 4131 inisse
1364 4080 1526 4142 communia,
1543 4078 1577 4129 lo·

420 4181 479 4218 cunr
490 4162 618 4233 imprimis
629 4178 659 4215 ec
670 4174 775 4233 tempus
787 4163 918 4216 ondonis.
942 4162 1032 4232 Neque
1045 4165 1113 4217 euim
1126 4178 1185 4215 cum
1197 4164 1390 4233 poenitentibus
1402 4163 1522 4227 exibant,
1532 4176 1577 4215 neo

420 4250 494 4313 aiibi,
513 4264 591 4318 quam
608 4248 654 4301 nbi
670 4247 760 4301 fideles
778 4248 885 4309 caeteri,
903 4248 1082 4301 versabantur.
1117 4249 1182 4301 Tum
1202 4247 1328 4301 saerfficia
1343 4250 1401 4318 ipsa
1415 4254 1442 4301 et
1453 4248 1577 4317 liturgias,

421 4352 532 4405 quorum
544 4334 609 4386 citra
619 4334 829 4387 communionem
842 4339 917 4386 eraut
928 4334 1073 4403 participes.
1109 4332 1206 4386 Deinde
1218 4350 1278 4387 vero
1289 4334 1388 4387 nemini
1399 4332 1506 4387 dubium
1517 4330 1577 4385 illud

421 4428 474 4485 est,
485 4436 531 4491 per
539 4418 732 4489 impositionem
744 4434 883 4483 manuum,
895 4426 996 4471 caetera
1006 4426 1035 4471 ut
1045 4419 1175 4481 omittam,
1187 4424 1352 4487 peccatorum
1361 4418 1412 4471 illis
1420 4418 1577 4488 temporibus

420 4505 544 4557 tributam
556 4520 614 4557 ease
626 4504 737 4558 veniam.
775 4504 875 4557 Doceut
885 4504 934 4557 hoo
946 4504 1081 4557 innumera
1093 4502 1216 4573 Cypriani
1233 4503 1394 4567 testimonie,
1410 4518 1521 4572 quorum
1535 4501 1575 4555 lra-

420 4595 511 4642 oteuns
522 4591 645 4659 pleraque
655 4588 840 4659 produximus,
855 4591 882 4642 in
898 4590 993 4659 quibua
1010 4605 1056 4659 per
1071 4604 1164 4641 marrus
1180 4589 1374 4658 impositionem
1390 4602 1442 4657 pax
1455 4594 1481 4641 et
1492 4604 1575 4641 recum

420 4673 517 4727 ciliatio
529 4674 779 4743 communicatioqne
790 4674 946 4727 conceditur.
981 4674 1048 4727 Tum
1065 4675 1092 4726 in
1104 4672 1226 4743 Ganhag.
1239 4673 1316 4727 Cone.
1326 4690 1362 4729 rv.
1376 4672 1437 4727 Gau.
1447 4690 1535 4727 sarva
1547 4670 1575 4723 de

421 4774 452 4811 eo
464 4759 509 4826 qui
520 4760 705 4828 poeniteutiam
715 4760 743 4811 in
754 4758 905 4812 infirmitate
917 4760 1040 4829 postulet:
1066 4758 1100 4811 Et
1111 4764 1135 4811 si
1146 4765 1273 4821 cannono,
1289 4759 1385 4827 inquit,
1400 4760 1514 4810 erectim
1529 4774 1574 4807 σισ-

421 4847 531 4906 citurus,
549 4846 727 4897 monacilistur
732 4863 784 4914 per
795 4862 885 4896 munus
900 4848 1080 4915 impositionem
1098 4854 1122 4897 et
1132 4846 1283 4914 infundetur
1294 4848 1334 4896 ori
1345 4848 1398 4897 οισι
1410 4844 1572 4897 eaclun'etiu.
