3650 5642
435 526 562 583 LXXXII

435 699 517 739 annos
529 683 677 748 rediissent,
688 682 781 752 Meges
792 696 837 737 ees
849 682 986 737 invenisse.
1011 682 1066 737 licc
1078 700 1139 739 vere
1153 700 1288 757 nnnquem
1302 684 1408 756 scripsit
1420 680 1566 754 Epiphenim.

435 770 519 834 Quere
527 769 700 824 hehuciuetus
709 773 749 823 est
757 768 947 823 eruditissimus
955 768 999 823 ille
1010 770 1207 841 evengeliorum
1216 772 1350 843 interpres.
1368 769 1423 825 Nec
1432 768 1488 823 ides
1497 774 1568 820 umes

435 861 535 909 tentum
547 854 711 919 commeruit,
728 860 759 907 ut
774 869 789 907 α
801 852 956 909 Cesaubono
972 859 1026 907 tem
1042 855 1211 911 inclementer
1220 873 1252 910 ec
1268 857 1353 928 putide
1369 860 1500 909 moleretur
1512 852 1570 905 etri

435 941 624 995 rulentissimus
635 954 666 993 ec
677 939 936 993 meledicentissimus
944 939 1053 1009 scriptor
1060 942 1233 1012 appellerstur
1243 943 1272 995 in
1281 943 1326 995 illo
1336 956 1417 1013 opere
1427 938 1494 1010 quod
1502 939 1571 1007 ipses

436 1042 469 1079 ex
478 1026 613 1079 virulentis
625 1026 759 1079 calumniis
771 1031 797 1079 et
813 1023 947 1078 haereticis
959 1025 1125 1095 opinionibus
1136 1033 1287 1081 contextum
1298 1026 1424 1082 adsersus
1431 1024 1573 1079 Bubeium

435 1112 548 1165 Annales
561 1110 658 1165 effudit

502 1195 546 1257 Ὦς
559 1194 590 1257 τίς
602 1194 645 1263 τὴν
656 1198 788 1266 πανήγυριν
800 1196 911 1262 ταύτην]
933 1194 1018 1259 Quem
1032 1196 1137 1252 nudem
1151 1197 1193 1251 hic
1211 1199 1344 1269 πανήγυριν
1354 1197 1486 1266 intelliget
1493 1191 1574 1246 hoedo

435 1282 541 1337 Videtur
553 1282 603 1335 loci
613 1282 694 1347 illius,
711 1282 739 1335 iu
754 1297 805 1352 quc
817 1286 895 1335 uetus
907 1287 964 1334 eret
974 1282 1106 1348 domiuus,
1123 1284 1278 1337 celebretem
1293 1283 1447 1337 memoriam
1462 1277 1575 1345 sculpo*

436 1368 574 1438 appellere.

502 1451 533 1507 N.
545 1470 571 1507 x.
595 1452 639 1523 Τῷ
650 1452 697 1523 γὰρ
707 1455 845 1523 τριακοστῷ
857 1450 954 1522 τρίται]
975 1452 1014 1506 Iis
1024 1452 1065 1507 his
1077 1455 1221 1507 eccmetius
1231 1454 1310 1525 psulo
1321 1460 1384 1524 post
1394 1466 1507 1523 egemus.

504 1536 549 1591 Διὰ
560 1537 588 1591 rb
601 1536 777 1607 preceperstitit
788 1536 942 1607 apostolice]
963 1536 1038 1600 Quod
1049 1537 1174 1610 Iosephus
1185 1540 1315 1611 decrepite
1323 1540 1379 1593 iem
1391 1542 1476 1591 estete
1485 1531 1577 1587 menen

437 1623 539 1677 duxerit
556 1627 629 1677 retus
646 1628 686 1675 est
702 1622 797 1692 opinio.
826 1620 900 1685 Quod
917 1628 1004 1676 eutem
1019 1624 1114 1678 liberos
1130 1641 1163 1678 ex
1178 1625 1263 1695 priore
1278 1625 1367 1693 alique
1382 1623 1494 1691 coniuge
1507 1630 1579 1670 ensu-

436 1710 513 1781 psrit,
531 1709 580 1763 etsi
594 1708 622 1761 id
637 1706 775 1777 Epiphsnii
787 1707 881 1777 aliique
893 1714 993 1761 veteres
1005 1710 1145 1763 memoriae
1160 1709 1332 1781 prodiderint,
1349 1710 1495 1764 reclement
1506 1710 1577 1758 mutu

437 1796 528 1849 meritc
540 1793 634 1847 ceetsri
647 1808 744 1847 omnes.
768 1791 806 1845 De
819 1808 870 1862 qua
881 1809 909 1846 re
921 1792 1050 1847 Beronius
1060 1795 1089 1849 in
1100 1796 1194 1867 Apper.

499 1879 535 1943 ll.
547 1896 583 1933 ιι.
606 1875 729 1929 Ἐντεῦθεν
740 1876 840 1945 τοίνυν]
862 1878 933 1932 Heec
947 1879 1028 1949 igitur
1038 1880 1172 1934 verberet
1184 1880 1241 1933 θεοῦ
1256 1881 1289 1933 ed
1300 1880 1387 1934 lesum
1404 1878 1528 1951 pertinere
1537 1884 1578 1923 tlt

438 1965 501 2019 didit
511 1962 617 2033 Epiph,
628 1979 681 2017 non
693 1962 726 2015 ud
737 1962 873 2017 hdsmum.

505 2048 549 2119 Τῷ
561 2051 644 2118 Δοοκᾷ
656 2043 706 2099 ὄντι
719 2046 758 2099 καί
771 2046 847 2117 αὐτῷ.
871 2047 945 2112 Quod
956 2048 1041 2103 huces
1051 2066 1066 2102 e
1078 2049 1263 2121 discipulorum
1274 2068 1384 2105 numero
1400 2050 1490 2110 iterii,
1504 2040 1579 2097 ΜΓ

438 2142 465 2189 st
474 2133 619 2188 Dorotheus
631 2134 658 2187 in
669 2133 796 2204 Synopsi,
811 2134 930 2204 quemvis
947 2134 974 2186 id
988 2135 1075 2205 ipsum
1090 2136 1124 2189 eb
1136 2152 1167 2189 eo
1178 2137 1269 2207 negari
1280 2136 1449 2191 lleldouetus
1458 2126 1579 2199 scripstrii

437 2222 489 2275 Sed
501 2226 591 2275 contre
602 2220 718 2273 sentiunt
727 2219 857 2289 plerique,
868 2224 894 2271 et
903 2218 931 2270 id
942 2235 976 2271 ex
987 2220 1051 2289 ipsis
1063 2220 1149 2275 huces
1161 2223 1247 2276 serbis
1258 2223 1397 2292 colligunt,
1409 2236 1472 2275 cnm
1482 2218 1517 2269 sii
1527 2209 1579 2268 ἷδθίῐ

438 2306 513 2378 κᾴμολ
524 2304 751 2377 παρηκολουθηκότι
763 2301 853 2355 ἄνωθεν
865 2304 938 2355 πᾶσιν
947 2300 1051 2374 ἀκριβῶς
1063 2306 1162 2373 ααταξῆς
1173 2324 1212 2359 σοι
1220 2306 1320 2377 γράψαι.
1338 2307 1390 2361 ssd
1401 2310 1504 2361 nutum
1513 2299 1580 2354 Μι

438 2400 468 2447 ut
478 2393 541 2447 heco
553 2391 708 2461 discipulum
720 2388 815 2443 Christi
825 2388 921 2455 fuisse,
932 2405 962 2442 ac
974 2406 1028 2444 nen
1038 2392 1174 2461 plereqns,
1186 2406 1246 2445 cum
1258 2393 1291 2445 ab
1302 2408 1334 2446 ec
1346 2397 1503 2463 gererentur,
1513 2380 1580 2437 ΜΓ

438 2493 577 2548 usurpasse
592 2482 702 2546 negent,
719 2479 749 2527 ut
766 2474 924 2528 contrarium
940 2476 1025 2545 potins
1041 2475 1102 2531 hinc
1118 2477 1177 2530 elici
1188 2478 1278 2547 possit
1310 2478 1427 2532 Verbum
1437 2476 1505 2530 enim
1516 2483 1580 2535 Ml*

439 2562 563 2615 κολοοθεῑν
575 2576 763 2631 nonnunquam
774 2559 807 2613 ed
818 2576 876 2613 esm
886 2562 1007 2615 notiu'em
1016 2561 1125 2615 refertur
1137 2578 1204 2632 ques
1219 2564 1301 2617 oculis
1316 2564 1381 2633 ipsis
1396 2579 1430 2616 ec
1445 2552 1581 2633 proprisit·

438 2648 580 2717 telligentio
591 2650 762 2716 comparetur,
773 2662 827 2699 non
837 2647 948 2700 eliorum
959 2648 1129 2702 sermonibus.
1147 2648 1182 2701 Ut
1192 2664 1252 2701 cum
1260 2648 1449 2703 Demosthenes
1460 2644 1529 2710 ίντῷ
1539 2633 1581 2702 apl

439 2730 636 2802 Παραπρεσβείας
657 2731 689 2783 ds
700 2729 839 2796 Aeschine,
855 2732 929 2785 cirins
944 2731 973 2786 iu
987 2732 1118 2802 legatione
1129 2748 1216 2787 comes
1227 2734 1325 2799 meret,
1340 2735 1378 2787 sic
1388 2734 1513 2805 loquitur:
1527 2714 1580 2773 καὶὸ

367 2846 372 2859 ·
407 2849 413 2863 ·
438 2818 526 2869 τοιίτου
543 2817 715 2887 πονηρεύματα
732 2813 801 2875 εἰδὼς
818 2816 857 2867 καί
874 2815 1098 2887 παρηκολουθηκὼς
1115 2816 1191 2870 ἅπασι
1206 2821 1346 2890 κατηγορῶ.
1369 2819 1414 2873 Βία
1425 2819 1504 2889 igitur
1512 2810 1582 2865 [Μ

440 2900 530 2955 ἄνωθεν
542 2900 780 2972 παρηκολουθηκίναι
792 2903 863 2953 πᾶσιν
875 2900 980 2971 ἀκριβῶς
992 2903 1092 2967 dicitur,
1107 2902 1156 2956 hut
1172 2908 1214 2956 est
1229 2910 1361 2975 comperta
1370 2906 1549 2975 exploresque
1558 2904 1581 2941 *ί

440 2993 554 3059 spectetu
565 2988 644 3041 etium
655 2984 786 3042 habuisse.
805 2987 843 3039 ho
853 2986 935 3040 rideri
945 2993 1033 3057 potest
1043 2994 1070 3041 et
1079 2989 1205 3042 nonnulle
1215 2987 1257 3042 hic
1269 2990 1403 3043 antithesis
1414 3004 1486 3052 esse,
1497 2990 1526 3036 ui
1533 2992 1582 3032 Μ

440 3076 571 3147 superiore
577 3090 653 3127 versu
663 3072 764 3139 dixerit,
773 3072 983 3144 quandoquidem
992 3074 1067 3128 multi
1074 3091 1116 3127 res
1125 3089 1142 3126 e
1150 3072 1251 3127 Christo
1260 3081 1350 3144 gestes
1359 3076 1473 3129 scribere
1480 3058 1582 3139 egveti

440 3168 512 3228 suut,
524 3160 604 3221 καθὼς
613 3159 752 3230 παρέδοσαν
760 3158 818 3231 ἡμῖν
827 3158 851 3211 ol
859 3155 900 3211 ἀπ’
910 3157 1001 3232 ἀρχῆς,
1013 3160 1103 3213 stetim
1110 3160 1240 3225 subiiciet,
1252 3156 1320 3221 ideis
1329 3159 1403 3231 edpsl
1411 3147 1582 3230 sepqeoiwiu·

441 3250 506 3313 πίει,
517 3246 566 3301 hcc
578 3246 675 3316 estqui
685 3262 751 3310 non,
762 3250 792 3299 ut
801 3246 852 3310 illi,
864 3242 890 3297 ίκ
902 3246 1076 3315 παραδόσεως,
1093 3244 1138 3297 sed
1150 3260 1183 3297 ex
1194 3245 1300 3316 proprie
1310 3245 1337 3299 id
1348 3246 1458 3299 scientie
1468 3247 1581 3307 compti?

439 3336 497 3387 rim.
525 3332 661 3387 Caeterum
671 3332 775 3384 temetsi
788 3331 820 3383 od
832 3347 892 3383 eum
904 3347 1010 3384 sensum
1017 3330 1206 3383 accommedsri
1214 3330 1299 3384 Lucae
1308 3331 1387 3384 verbe
1397 3329 1463 3384 nihil
1471 3320 1581 3400 prohibei

439 3436 493 3471 non
505 3419 596 3471 iccirco
608 3424 695 3470 temen
707 3415 801 3469 Christi
812 3414 967 3484 discipulum
978 3415 1060 3468 inisse
1075 3421 1144 3469 certo
1160 3417 1332 3485 pronunciare
1347 3416 1447 3481 susim,
1462 3426 1520 3469 cum
1533 3402 1581 3458 hilii

440 3503 571 3555 αείνεεεατί
581 3502 724 3555 sententies
735 3502 813 3570 longe
824 3500 910 3569 plures
922 3498 970 3554 PP.
983 3501 1136 3570 mesuigem.
1160 3500 1212 3554 Sed
1227 3502 1277 3555 ista
1290 3501 1504 3563 commemoreri,
1518 3499 1544 3547 ti
1555 3502 1582 3541 ⁰⁰

440 3586 525 3641 Lucae
536 3588 586 3657 ipsi
598 3586 629 3639 de
641 3602 669 3639 se
680 3585 786 3638 teetsnti
797 3584 922 3653 refragari
933 3584 1070 3654 quisquem
1081 3584 1255 3656 Epiphaniam
1265 3588 1411 3641 arbitretur.

508 3672 554 3723 Καὶ
565 3672 674 3741 κηρύττει
686 3670 804 3739 πρῶτον]
824 3668 922 3721 Lucum
930 3670 958 3721 iu
968 3668 1234 3740 Gelliepresdicesse,
1245 3673 1346 3737 nuhus,
1357 3672 1524 3743 quodecim,
1534 3676 1581 3733 ί)ῐΓ

441 3758 512 3813 didit.
530 3760 614 3827 Atque
625 3755 694 3809 hsud
705 3754 759 3807 scio
771 3770 805 3807 sn
816 3752 928 3808 Gellium
936 3753 1095 3827 Cisalpinam
1105 3757 1246 3827 intelliget,
1258 3772 1305 3826 per
1315 3773 1394 3827 quem
1405 3758 1432 3811 iu
1440 3749 1581 3811 tudetes

355 3892 361 3900 .
442 3843 628 3912 Graeciamque
640 3840 806 3895 contenderit.

508 3926 625 3998 ίίρίαοης,
638 3926 718 3997 φησίν,
729 3922 754 3978 ἐν
765 3930 794 3997 τη
806 3924 920 3995 Γαλλίᾳ]
938 3925 993 3980 imo
1002 3925 1033 3987 είς
1043 3924 1157 3978 Γαλλίαν.
1175 3927 1242 3981 Nam
1250 3929 1330 3998 vulgo
1338 3926 1370 3988 είς
1379 3927 1508 3980 Γαλατίαν.
1524 3920 1583 3983 0⁰¹⁸

442 4021 482 4069 est
496 4013 673 4067 vetustissime
690 4018 716 4065 et
732 4012 876 4065 certissime
890 4011 981 4077 lectio,
998 4012 1120 4082 quicquid
1137 4012 1250 4065 affirmet
1265 4012 1433 4084 lipiphenius.
1468 4012 1545 4077 Quem
1561 4004 1582 4051 ⁶¹

441 4100 569 4155 Eusebius
580 4099 598 4151 l.
610 4116 649 4152 m.
662 4099 727 4151 iiist.
739 4114 761 4151 c.
773 4116 820 4162 rv.,
837 4095 981 4166 chrysost,
997 4098 1162 4161 Anrbresius,
1173 4096 1349 4151 'ihcodoretns
1365 4113 1397 4151 ec
1408 4098 1502 4152 (trucci
1512 4099 1536 4147 et
1543 4088 1582 4142 11⁸·

441 4188 491 4240 tini
507 4200 596 4239 omnes
612 4190 766 4253 agnoscunt
795 4182 950 4252 Quanquam
965 4200 1019 4236 non
1035 4183 1129 4236 desunt
1143 4184 1189 4253 qui
1203 4200 1249 4253 per
1266 4182 1388 4235 Γαλατίαν
1404 4184 1473 4253 apud
1488 4176 1582 4236 malm

443 4272 557 4325 Gelliam
575 4268 732 4338 intelligent,
753 4274 782 4321 ut
800 4266 986 4323 Theodoretus.
1021 4266 1183 4321 Crescentem
1204 4284 1265 4323 vero
1283 4267 1424 4322 Galliarum
1443 4274 1470 4321 et
1482 4260 1582 4323 (leutius

443 4359 537 4428 peritos
548 4356 695 4426 apostolum
706 4354 800 4419 luisse,
812 4354 867 4407 hdo
879 4354 906 4405 in
917 4352 1056 4422 λίπητε.
1064 4352 1121 4407 Kel.
1132 4352 1180 4407 Iul.
1190 4358 1217 4405 ot
1226 4354 1255 4407 in
1266 4352 1393 4407 Chronico
1404 4358 1520 4417 testetur,
1529 4344 1583 4435 uit}

442 4442 516 4497 Rom.
528 4443 634 4511 Martyr.
645 4456 751 4495 norum.
775 4440 854 4495 Vetus
866 4439 936 4492 enim
949 4437 1067 4491 Geletim
1077 4438 1205 4491 dnntexat
1214 4440 1339 4493 meminit.
1362 4438 1395 4492 Et
1407 4444 1476 4492 certe
1487 4433 1582 4491 dnbilffl

441 4532 540 4597 potest,
552 4532 639 4579 ulrum
648 4542 701 4579 non
712 4524 790 4578 modo
799 4524 937 4589 Crescens,
949 4523 1047 4577 sedvel
1059 4524 1125 4577 elius
1137 4524 1287 4595 qnisquam,
1298 4540 1344 4594 per
1354 4524 1400 4577 illa
1410 4529 1526 4595 tempere
1533 4510 1582 4572 Cel·

441 4610 483 4665 liis
494 4612 623 4683 erengelli
632 4612 717 4666 lucem
727 4611 878 4681 impertierit.

508 4697 539 4749 N.
551 4714 598 4753 nn.
621 4696 689 4749 Meri
699 4693 743 4762 τὴν
755 4695 830 4748 αὐτοῦ
842 4692 891 4747 isch
903 4697 946 4761 τῆς
958 4692 1079 4767 ssiquos]
1102 4692 1158 4748 Non
1173 4695 1252 4765 igitur
1267 4696 1294 4748 in
1306 4694 1396 4749 Petmc
1407 4694 1510 4765 scripsit
1519 4700 1581 4745 ent·
