3650 5642
455 627 572 688 mu

454 785 565 839 Iudaeae
584 787 777 855 procuratorem
796 781 830 835 ab
847 781 966 853 Angusto
984 782 1083 837 iactum
1102 785 1241 836 assereret
1257 780 1295 838 De
1312 797 1364 854 quo
1385 780 1418 836 ad
1437 779 1556 836 beeresim
1569 795 1597 833 ur.

455 871 549 925 dicturi
564 885 664 925 sumus.

522 953 691 1026 Περιτέμνεεαί
701 972 728 1006 τε
739 953 780 1007 acl
792 952 886 1022 αὐτός]
903 952 989 1023 Neget
999 951 1047 1007 boc
1056 952 1173 1024 Scaliger
1180 953 1209 1008 in
1218 953 1370 1007 Eusebianie
1381 950 1597 1008 numerosiori·

342 1033 345 1042 '
455 1042 504 1094 bus
516 1041 586 1111 quod
597 1041 735 1094 idumaeus
746 1045 816 1094 asset
826 1039 969 1110 Antipater.
992 1039 1027 1092 nt
1038 1037 1153 1092 Idumaei
1169 1056 1259 1093 omnes
1274 1044 1335 1092 ante
1351 1038 1439 1109 plures
1457 1055 1534 1092 annos
1544 1038 1598 1090 iuter

455 1126 566 1180 Iudaeos
577 1126 708 1196 adscripti.
732 1124 784 1180 Sed
795 1124 860 1178 baec
872 1125 970 1178 erudite
982 1140 999 1177 a
1010 1124 1124 1178 Serrario
1135 1130 1224 1178 nostro
1236 1125 1396 1180 reielluntur.

521 1212 584 1281 Peg.
596 1211 638 1264 47.
655 1208 774 1281 Ἐνδημία
785 1211 910 1280 Χριστοῦ]
928 1209 999 1274 Ques
1010 1207 1052 1264 hic
1064 1211 1098 1264 ab
1108 1209 1253 1280 Epiphanio
1264 1210 1295 1264 de
1305 1210 1449 1264 Salvatoris
1460 1215 1524 1272 ortu,
1534 1223 1598 1261 cune-

454 1297 523 1350 bulis
534 1313 565 1350 ac
576 1302 707 1367 postremo
719 1296 840 1367 passione
852 1296 985 1361 dicuntur,
997 1312 1044 1349 nec
1055 1313 1109 1350 non
1121 1301 1147 1348 et
1158 1295 1190 1349 da
1201 1295 1313 1366 Augusti
1324 1301 1401 1366 atquc
1411 1295 1519 1350 Herodis
1530 1293 1599 1356 anub,

454 1383 624 1452 opportunius
636 1381 670 1435 ad
680 1381 808 1435 baeresim
820 1399 855 1434 ur.
867 1381 1038 1452 explicantur.
1063 1379 1113 1434 Ubi
1128 1380 1160 1434 de
1177 1397 1246 1435 anno
1263 1381 1386 1434 dominici
1402 1379 1500 1434 natalis
1514 1397 1542 1432 ac
1552 1395 1599 1449 pas·

454 1468 548 1533 sionis,
559 1483 590 1522 ac
601 1468 719 1538 reliquis,
731 1483 798 1538 quae
810 1465 901 1520 eodem
912 1472 1044 1537 spectant,
1056 1465 1186 1538 agendum
1197 1467 1246 1520 erit
1255 1467 1381 1537 pluribus.

622 1622 668 1676 AD
685 1620 859 1676 HAERESIM
875 1621 965 1686 xxi..
990 1619 1078 1686 QUAE
1095 1620 1158 1675 EST
1176 1619 1448 1676 SlMONlANORUM.

521 1724 554 1781 N,
567 1743 585 1779 r.
602 1725 713 1796 Σίμωνος
725 1724 753 1778 ab
763 1724 873 1795 γίνεται]
883 1724 949 1778 Vide
962 1723 1090 1778 Iustinum
1100 1723 1212 1794 Apolog.
1225 1741 1261 1789 ru,
1272 1723 1407 1777 Irenaeum
1417 1724 1465 1778 lib.
1476 1741 1492 1777 ι.
1501 1738 1600 1794 csprn,
1614 1731 1615 1786 f

453 1808 586 1875 Publice,
597 1811 787 1881 Aegaeonem,
803 1809 1002 1874 Theodoretum‚
1015 1809 1139 1864 Clement
1150 1809 1290 1865 Alexandr.
1303 1827 1331 1862 rr.
1347 1808 1458 1876 Strom.,
1475 1808 1601 1862 Eusebium
1614 1819 1615 1828 ¹

453 1897 499 1950 lib.
511 1914 539 1950 rr.
551 1897 617 1951 ilist.
630 1911 687 1966 cap.
699 1913 748 1960 ru,
763 1895 885 1966 Nicepb.‚
901 1893 971 1948 Ruff.
983 1901 1010 1948 et
1020 1895 1094 1948 alios.
1123 1893 1175 1948 Sed
1186 1894 1281 1948 mirum
1293 1900 1344 1959 est,
1366 1895 1434 1965 quod
1449 1897 1478 1948 in
1490 1895 1554 1948 calce
1564 1909 1600 1944 ru.
1614 1895 1615 1918 ³

453 1981 550 2035 Strom.
562 1980 681 2034 Clemens
699 1983 793 2034 asserit
803 1981 937 2035 Simonem
948 1981 1081 2034 Marcione
1095 1981 1264 2050 posteriorem
1280 1979 1370 2036 fuisse.
1392 1979 1444 2033 Ubi
1456 1979 1615 2034 catholicam

453 2067 597 2120 Ecclesiam
615 2066 767 2121 haeresibus
786 2067 915 2120 universis
935 2071 1019 2120 aetate
1039 2066 1199 2136 superiorem
1219 2083 1276 2120 esse
1296 2065 1404 2131 docens,
1424 2064 1500 2118 Κότω
1520 2065 1544 2116 δε
1559 2061 1602 2132 περὶ

365 2167 386 2209 ιν
395 2157 427 2199 ib
453 2155 498 2204 τοῦ
509 2149 637 2222 ’Δδριανοῦ
654 2157 699 2205 τοῦ
715 2152 834 2222 βασιλέως
850 2154 955 2223 χρόνους
967 2149 990 2203 οἱ
1001 2151 1042 2213 τὰς
1055 2149 1154 2221 αἱρέσεις
1166 2149 1332 2218 ἐπινοήσαντες
1344 2153 1475 2222 γεγόνασι,
1492 2151 1531 2203 aul
1542 2149 1602 2220 μέγγο

299 2237 303 2250 “
453 2256 482 2310 γε
493 2241 535 2305 τῆς
547 2235 690 2290 Ἀντιονίνου
702 2232 746 2290 τοῦ
758 2237 921 2309 πρεσβυτέρου
934 2237 1045 2289 διέτειναν
1057 2235 1159 2303 ἡλικίας.
1183 2236 1251 2290 Tum
1262 2236 1393 2290 Basiliden
1410 2242 1437 2290 et
1448 2237 1602 2291 Valentinum
1614 2267 1615 2286 ι

423 2345 432 2364 e
453 2329 595 2379 enumerat.
609 2325 726 2394 Moxque
737 2324 854 2378 subiicit:
874 2322 992 2393 Μαρκίων
1004 2321 1051 2393 γὰρ
1064 2321 1126 2374 κατὰ
1137 2320 1212 2389 αὐτὴν
1225 2321 1300 2389 αὐτὴν
1317 2325 1367 2383 τοῖς
1378 2319 1476 2388 ἡλικίαν
1488 2323 1602 2392 γενόμενος
1614 2315 1615 2332 ’

453 2407 488 2470 ὡς
500 2409 635 2480 πρεσβύτης
646 2407 770 2480 νεωτέροις
783 2407 929 2478 συνεγένετο.
947 2405 1007 2460 Μεθ’
1017 2405 1133 2478 όνΣίμων
1146 2405 1183 2458 ἐπ’
1193 2401 1278 2478 ὀλίγον
1293 2407 1457 2478 κηρύσσοντος
1466 2413 1511 2459 τοῖν
1522 2407 1603 2476 Πέτρον

453 2493 597 2561 ὑπήκουσεν.
614 2494 684 2564 Ergo
695 2494 787 2548 Simon
798 2494 931 2546 Marcione
946 2493 1074 2564 posterior
1089 2497 1147 2546 esti
1164 2493 1318 2546 Manifestus
1330 2494 1418 2563 itaque
1432 2509 1505 2546 error
1516 2497 1561 2545 eet
1577 2489 1615 2548 Ul,

454 2587 481 2633 et
491 2580 555 2633 illud
573 2579 642 2649 qnod
657 2581 760 2646 scribit,
780 2578 923 2632 haereticos
941 2595 1030 2632 omnes
1043 2580 1092 2632 sub
1103 2578 1209 2632 Adriani
1226 2579 1343 2632 extitisse
1358 2585 1484 2649 tempora
1508 2579 1604 2632 ccccm

452 2665 523 2718 enim
540 2664 674 2718 Simonem
690 2665 793 2718 vivente
809 2663 892 2717 adbuc
903 2663 978 2718 Petro
995 2665 1044 2717 snb
1060 2663 1162 2718 Nerone
1182 2669 1314 2730 mortuum
1329 2680 1394 2719 esse.
1427 2665 1481 2718 Sed
1498 2663 1557 2734 quid
1572 2653 1615 2714 σοι’

452 2750 522 2820 quod
538 2750 607 2803 idem
619 2750 699 2805 Glem.
715 2750 811 2805 Strom.
829 2767 858 2805 ιι.
874 2751 906 2802 de
918 2749 1075 2803 Simonianis
1092 2751 1201 2820 loquens
1218 2749 1250 2802 iis
1266 2750 1351 2804 vorbis
1369 2750 1520 2820 significat?
1545 2747 1605 2802 olet

453 2832 515 2905 ἀμφὶ
528 2833 571 2886 τον
583 2835 685 2906 Σίμωνα
696 2839 733 2905 τῷ
745 2833 840 2902 ἑστῶτι,
852 2832 880 2886 όν
889 2834 1009 2903 σέβουσιν,
1021 2833 1190 2906 ἐξομοιοῦσθαι
1199 2837 1290 2905 τρόπον
1302 2834 1440 2904 βούλονται
1463 2836 1505 2890 An
1517 2840 1604 2888 stantes

452 2922 577 2975 orabant?
589 2926 635 2973 aut
646 2921 779 2991 quippiam
789 2920 859 2972 alind
870 2920 903 2974 ad
915 2936 974 2973 enm
986 2919 1093 2973 modum
1104 2921 1234 2990 agebant?

518 3003 581 3058 Ἀπὸ
593 3005 706 3072 Perdice]
729 3005 819 3076 steph.
832 3005 918 3074 Pirru,
931 3005 1001 3066 πόλις
1013 3003 1182 3072 Παλαιστίνης.
1201 3005 1321 3076 Πολύβιος
1333 3005 1499 3076 ένιιιαιδεαότιρ
1513 3007 1541 3059 rb
1554 3005 1605 3058 ἐθνι-

451 3091 495 3144 r'oe
507 3091 625 3154 Γιτταῖος.
649 3091 689 3145 lta
700 3098 727 3144 et
737 3091 852 3146 Iustinus
864 3091 938 3162 Apol.
951 3091 974 3144 β.
986 3090 1112 3146 Theodor.
1125 3092 1223 3144 Γιτδών.

518 3178 683 3249 Δογισάμενος
696 3176 802 3244 δώσειν]
826 3177 1007 3248 Expungeuda
1022 3193 1075 3231 vox
1092 3177 1191 3247 δώσειν,
1212 3183 1290 3248 atque
1306 3179 1344 3232 ita
1360 3178 1482 3248 deinceps
1498 3179 1605 3232 scriben-

451 3263 525 3319 dum:
543 3262 703 3336 λογισάμενος
714 3263 810 3331 πολλὴν
822 3262 853 3330 δὴ
862 3261 914 3315 ἀντὶ
926 3259 1020 3335 ὀλίγον.
1032 3262 1089 3316 Nisi
1099 3268 1199 3317 retenta
1210 3279 1273 3317 voce
1285 3263 1370 3316 δώσειν
1379 3279 1471 3318 sensns
1481 3265 1526 3319 ille
1535 3281 1605 3336 quem

450 3351 628 3421 expressimus
638 3350 724 3420 magis
736 3350 854 3403 arrideat.
1614 3411 1615 3416 ς

518 3435 550 3487 Ν.
562 3453 579 3489 ι.
602 3435 663 3487 'inb
675 3439 718 3502 τῆς
735 3433 759 3486 ἐν
776 3439 806 3501 τῆ
819 3434 928 3505 paeda]
952 3435 1018 3488 Hinc
1035 3434 1181 3488 Simoniani
1196 3451 1286 3489 omnes
1302 3435 1382 3506 megi.
1416 3435 1554 3490 irenaeus:
1577 3434 1608 3487 Ει

450 3538 609 3589 quaecunque
618 3531 676 3573 sant
685 3522 870 3589 olc'oporerpo,
883 3521 1112 3588 apodeosetndioee
1121 3533 1274 3575 exaecatur.
1287 3521 1607 3592 Corrigendumpen'erpc:

450 3609 481 3656 nt
490 3604 547 3657 ecc.
556 3622 615 3669 ιιι,
630 3605 673 3657 19ι
694 3605 746 3664 Qus
756 3613 832 3656 eram
842 3608 945 3656 coriosa
956 3609 1054 3658 sectati.

517 3688 618 3754 Ἑλένην
630 3687 758 3758 τοῦνομα]
785 3687 896 3742 Selenen
907 3695 1001 3742 vocant
1012 3691 1070 3756 alii,
1082 3697 1111 3744 ut
1121 3691 1187 3746 iren.
1207 3693 1224 3748 l.
1237 3711 1254 3746 r.
1271 3709 1325 3764 cap.
1338 3711 1392 3759 rm,
1404 3693 1531 3763 Gyrillus,
1543 3695 1607 3764 Aug.

450 3781 477 3828 ct
487 3775 539 3829 alii.
556 3774 621 3828 Vide
631 3773 729 3828 Tcrtul.
745 3774 763 3826 l.
775 3774 806 3826 de
817 3774 866 3826 An.
878 3791 900 3828 c.
912 3775 954 3828 34.

517 3857 552 3911 'll
564 3859 604 3911 καὶ
616 3858 770 3931 Προῦνιιιος]
788 3859 879 3914 Dicam
891 3861 922 3913 de
932 3877 963 3914 ca
974 3877 1036 3915 voce
1048 3861 1081 3914 ad
1092 3861 1277 3918 Nicolaitarum
1288 3863 1423 3919 baeresim.

517 3945 639 4017 Βαρβηρώ
650 3944 705 4012 ἤτοι
714 3943 856 4017 Βαρβηλώ]
875 3945 984 4016 Syriaca
994 3963 1047 4001 vox
1059 3965 1116 4002 esse
1128 3949 1229 4003 ridetur
1240 3949 1351 4005 Barbelo
1364 3921 1456 4024 ttssyz
1467 3955 1526 4016 Ἦ,
1541 3951 1608 4005 filius

449 4029 568 4096 Bubalia,
582 4031 610 4084 id
627 4037 667 4084 est
682 4032 760 4087 lovis.
786 4030 821 4084 Ut
837 4032 906 4084 enim
917 4033 1031 4087 Verbum
1050 4035 1148 4088 aeterni
1158 4035 1242 4090 Patris
1259 4035 1353 4102 Filius,
1373 4037 1410 4090 sic
1425 4037 1546 4106 impurus
1563 4037 1609 4090 iste

450 4115 563 4170 Ἔννοιαν
574 4133 664 4182 suam,
680 4116 729 4171 hoc
740 4117 932 4184 ambicionem,
948 4117 1030 4172 rideri
1046 4121 1128 4174 voluit
1138 4121 1210 4176 uelut
1220 4123 1302 4176 istum
1313 4121 1443 4193 quendam
1454 4137 1512 4176 esse
1522 4139 1615 4192 snum,

448 4210 480 4258 ut
489 4202 603 4258 lustinus
614 4208 714 4268 narrat,
729 4201 772 4270 τλν
784 4201 826 4255 ὑπ’
838 4203 907 4274 αὐτῷ
919 4199 1032 4256 Ἔννοιαν
1044 4205 1143 4276 πρώτην
1156 4207 1293 4278 γενομένην.

516 4287 557 4350 Εἰς
569 4287 748 4359 συλαγωγιαν]
774 4289 814 4342 Ita
830 4306 865 4343 ex
880 4289 945 4360 Reg.
965 4289 1027 4345 God.
1044 4293 1238 4348 emendarimus
1254 4310 1301 4365 pro
1318 4309 1349 4348 eo
1367 4294 1509 4366 quoderat
1526 4293 1608 4364 ψυχα·

449 4375 551 4445 γωγόαν.

515 4460 547 4515 Ν.
559 4477 598 4517 ιιι.
617 4459 699 4513 Τοῦτο
710 4458 757 4531 γάρ
769 4457 820 4513 έστι
830 4461 859 4513 rb
871 4463 1059 4535 γεγραμμένον]
1077 4465 1146 4520 'lert
1158 4465 1236 4518 Hono
1248 4468 1328 4534 ipiucr
1339 4483 1393 4520 care
1401 4483 1469 4520 ocem
1475 4469 1608 4536 perditura

450 4549 487 4598 od
497 4565 571 4616 ρυαινι
583 4549 741 4602 descenderit
746 4557 825 4616 poter
835 4566 954 4613 commus,
965 4549 1050 4603 &mon
1061 4553 1171 4614 scilicet,
1183 4559 1229 4603 etc.

516 4631 547 4688 N.
560 4649 595 4687 rr.
615 4630 743 4703 Ὀνόματα
754 4632 783 4683 δέ
792 4649 845 4684 τινα
857 4631 870 4686 b
883 4633 977 4703 αὐτός]
1006 4635 1073 4689 'lert
1086 4635 1117 4688 de
1128 4634 1241 4689 Praescr.
1258 4653 1280 4690 c.
1291 4637 1336 4692 332
1348 4637 1513 4692 Βδποοίαοοο
1525 4651 1607 4694 osten

448 4721 551 4785 nuptm
567 4720 706 4790 disceptione
723 4720 822 4787 capelo
836 4725 947 4773 συνοῖσον
962 4725 1045 4791 atiprce
1056 4729 1081 4774 et
1093 4725 1153 4791 ipso
1168 4726 1234 4774 inter
1248 4725 1412 4778 idololatrias
1428 4726 1608 4795 deputabatur,

448 4811 473 4856 et
489 4823 507 4855 α
518 4803 593 4858 Petro
610 4805 723 4874 apostolo
742 4808 770 4855 e'n
785 4808 841 4874 ipsc
854 4805 954 4859 Simone
971 4807 1149 4862 damnabatur.
1184 4807 1254 4862 Hace
1271 4815 1310 4862 est
1326 4810 1480 4881 augelorum
1498 4809 1607 4884 λατρεία,

448 4889 618 4962 quarnMagis
629 4891 752 4946 mitatem
763 4906 821 4946 esec
832 4890 908 4948 docet
919 4891 998 4947 Olem.
1011 4887 1136 4946 Alexin.
1148 4891 1243 4950 Strom.
1256 4892 1353 4964 Ἀμέλει
1364 4896 1404 4950 διὰ
1416 4896 1545 4968 φροντίδος
1557 4897 1608 4951 ἐστὶ
