3650 5642
419 606 529 665 cxxvi

417 765 533 833 ptionem
546 760 710 833 quadrarent.
743 758 863 830 Scaliger
879 760 984 832 quidem
994 760 1076 815 rv.·de
1087 760 1223 815 limendst.
1233 776 1296 832 pag.
1305 758 1378 825 m,
1395 760 1441 815 ubi
1456 759 1487 813 de
1502 772 1563 812 mun

418 846 619 901 luliancAthsn.
630 846 699 916 agit,
711 845 759 899 hoe
770 846 991 917 ipsosputstnon
1001 846 1219 900 modolulienum
1229 860 1339 910 sunum,
1350 844 1567 899 hceeetsolerem

418 940 445 985 et
455 932 551 997 fixum,
568 948 659 985 verum
676 931 756 983 Atium
772 920 887 985 Iulianos
903 946 1008 984 menses
1024 931 1175 996 admisisse,
1192 936 1219 983 et
1228 931 1479 984 Heeetombaeonem
1489 946 1567 982 neom.

417 1017 475 1073 Kar.
487 1018 551 1087 ipsis
563 1016 622 1069 Iulii
633 1016 778 1071 convenire.
801 1015 854 1069 Sed
868 1018 896 1069 in
914 1031 945 1069 eo
960 1015 1095 1085 probando
1106 1016 1202 1069 mirum
1213 1029 1294 1085 quarn
1304 1015 1396 1068 inscite
1407 1016 1569 1085 imperiteque

417 1107 542 1155 versetur.
565 1100 610 1155 Sic
622 1102 692 1155 enim
703 1100 829 1171 disputet:
841 1101 973 1155 Lucienus
984 1101 1012 1154 in
1022 1102 1077 1154 vits
1084 1101 1218 1171 Peregrini
1228 1101 1317 1153 statim
1327 1106 1387 1170 post
1396 1100 1571 1170 Olymp'neum

417 1186 519 1252 ludum,
535 1200 596 1239 oum
611 1184 696 1239 sdhuc
711 1185 833 1255 frequens
850 1190 981 1257 mmostus
996 1191 1077 1251 esset,
1093 1186 1162 1239 circs
1171 1185 1284 1239 mediam
1294 1192 1397 1238 noctem
1407 1184 1571 1255 Peregrinum

418 1288 446 1325 se
462 1272 491 1325 in
507 1286 601 1341 rogum
617 1266 739 1325 iniecisse
754 1276 855 1337 nmat,
874 1270 1040 1325 commodum
1057 1271 1190 1325 exoriente
1205 1272 1276 1325 luna
1310 1270 1428 1339 Contigit
1440 1269 1572 1339 Peregrini
1622 1299 1624 1312 ›

417 1373 488 1410 mors
500 1356 613 1409 Eusebio
624 1361 690 1411 teste
703 1355 805 1426 Olymp.
819 1370 958 1421 ccxxxvi„
971 1356 1045 1425 cyclo
1056 1374 1110 1409 rrv.
1144 1356 1228 1423 Igitur
1237 1355 1296 1408 iulii
1307 1374 1372 1410 xvrr.
1384 1356 1447 1407 luna
1458 1360 1514 1407 erst
1523 1370 1572 1416 u,

417 1446 464 1495 ent
474 1458 540 1507 xre,
557 1446 583 1495 et
596 1440 655 1495 ideo
672 1442 741 1495 circa
751 1441 863 1493 medisrn
874 1446 979 1494 noctem
990 1441 1129 1494 oriebatur.
1162 1441 1242 1510 Atqui
1254 1440 1420 1511 olympiacos
1431 1450 1501 1509 agon
1510 1439 1573 1491 ecle-

417 1527 487 1580 brsri
498 1528 600 1581 solebat
610 1544 654 1581 re.
668 1526 708 1579 die
720 1526 819 1579 mensis
830 1524 924 1595 primo.
956 1526 1048 1596 lisque
1058 1542 1118 1579 omn
1129 1542 1160 1579 ec
1172 1527 1277 1579 maculo
1287 1524 1498 1579 liscetomhaeon
1507 1522 1574 1575 idem

417 1617 487 1665 esset
503 1613 548 1691 qni
563 1610 656 1675 Iulius,
674 1628 717 1664 xv.
728 1608 789 1663 Iulii
805 1610 953 1663 celebratus
970 1617 1010 1664 eet
1026 1626 1109 1681 agen,
1127 1616 1155 1664 et
1170 1610 1247 1663 teru'o
1262 1610 1303 1663 die
1314 1626 1332 1662 a
1347 1609 1488 1663 eorumne
1501 1609 1574 1663 linito

416 1695 479 1749 lune
489 1702 547 1751 ersi
557 1714 602 1751 xx.
637 1695 677 1749 lin
694 1695 810 1749 criticum
822 1693 936 1749 hominis
953 1711 1071 1749 acumen
1105 1694 1343 1749 Demonstrsndnm
1357 1695 1576 1758 enutrientem-

417 1782 543 1835 bseonern
554 1782 669 1834 Atticum
680 1780 765 1835 fixum
775 1779 857 1833 fuisse
869 1782 896 1833 in
907 1780 965 1834 Kal.
975 1780 1056 1834 iuliis.
1089 1780 1130 1834 Ad
1144 1780 1171 1833 id
1180 1780 1291 1835 lanciani
1306 1780 1486 1833 testimoninm
1496 1779 1576 1831 lisca·

416 1868 599 1921 tombeecnern
609 1866 733 1936 pertinet,
745 1864 855 1935 proiert,
869 1866 939 1935 quod
950 1866 983 1918 ad
994 1883 1050 1919 rem
1060 1864 1126 1919 nihii
1136 1866 1242 1919 omnino
1253 1866 1371 1936 pertinet.
1393 1863 1424 1917 Si
1432 1864 1576 1935 quidecim

417 1968 450 2005 ex
463 1968 493 2005 ec
505 1951 537 2004 de
549 1951 687 2005 neomenia
697 1951 795 2003 mensis
806 1950 925 2016 eiiieitnr,
937 1951 970 2003 sd
981 1950 1153 2016 Elidensium,
1164 1951 1264 2005 non'ad
1272 1949 1468 2003 Atheniensium
1476 1964 1577 2001 mom

309 2074 313 2081 -
417 2052 448 2089 sc
459 2052 577 2091 mensem
588 2036 706 2089 refertur.
723 2034 790 2089 Nem
800 2036 828 2087 in
839 2036 924 2101 Elide,
936 2052 991 2089 non
999 2035 1107 2089 Athenis
1118 2042 1194 2105 gesta
1205 2041 1279 2100 sunt,
1290 2050 1357 2105 quse
1368 2034 1508 2087 aLucisno
1519 2049 1579 2085 nsr·

416 2128 513 2175 rantur.
534 2120 635 2175 Deinde
646 2121 720 2174 illum
731 2121 817 2191 ipsum
828 2120 938 2177 Lucieni
947 2121 1035 2175 locum
1045 2137 1126 2191 quem
1139 2121 1302 2191 negligenter
1316 2120 1415 2189 attigit!
1437 2118 1498 2173 lien
1508 2118 1579 2171 enim

417 2206 508 2260 scribit
517 2207 587 2260 circs
596 2205 710 2260 mediam
721 2210 956 2259 noctemnoctem
968 2222 1026 2259 esse
1036 2207 1141 2270 lunam,
1157 2205 1204 2259 sed
1219 2207 1333 2259 micum
1345 2204 1432 2269 illum,
1449 2203 1484 2257 ed
1498 2218 1579 2273 quem

417 2292 568 2358 diverteret,
581 2292 650 2345 circs
661 2290 774 2345 medinm
785 2296 889 2345 noctem
901 2290 935 2343 sd
944 2290 972 2344 id
983 2291 1160 2361 speetsenlum
1167 2291 1327 2361 proiectum:
1336 2288 1393 2359 περὶ
1405 2288 1481 2359 pem
1492 2288 1580 2347 tiam

417 2374 548 2437 ἐξαναστὰς
559 2375 630 2447 ἀπῄει
641 2375 697 2429 etto
710 2380 751 2443 τῆς
761 2373 882 2445 Ἁρπίνης·
896 2372 953 2427 ἔνθα
963 2370 1022 2441 dvi)
1035 2374 1114 2446 ceph,
1131 2374 1227 2429 στάδιοι
1243 2372 1328 2444 πάντες
1344 2368 1414 2426 οὗτοι
1429 2371 1517 2432 decore
1528 2372 1579 2423 ἀπὸ

417 2464 459 2527 τῆς
471 2459 609 2533 Ὀλυμπίας
622 2460 685 2513 κατὰ
695 2459 738 2528 τὴν
750 2458 913 2530 ἱππόδρομον.
936 2460 1001 2513 hiox
1012 2476 1074 2514 vero
1086 2462 1203 2515 subiicit:
1216 2461 1257 2513 καὶ
1267 2447 1349 2526 dcciii
1360 2459 1376 2526 ἡ
1387 2458 1477 2525 alelen
1488 2455 1581 2509 deita-

417 2547 472 2615 λεν,
490 2576 524 2589 -
541 2548 647 2617 πρόεισιν
665 2544 762 2605 inanes.
796 2546 920 2599 Accidere
936 2545 1026 2616 itaque
1035 2548 1162 2617 potnitut
1172 2546 1286 2611 dnsbns,
1303 2546 1345 2599 vel
1361 2545 1456 2609 trihus,
1472 2542 1548 2597 horis
1565 2559 1583 2594 e

337 2634 341 2641 ’
417 2632 503 2685 medis
514 2638 590 2685 nocte
601 2632 654 2685 ism
666 2631 761 2701 elapsis
773 2646 899 2701 spperere
909 2632 974 2685 luna
988 2632 1110 2701 coeperit.
1143 2631 1197 2685 Sed
1212 2632 1389 2701 noqueterts'o
1405 2631 1448 2683 rel
1460 2628 1581 2683 mendo

416 2716 517 2787 potine,
535 2732 614 2787 quem
626 2734 660 2771 ιν.
672 2718 714 2769 rel
726 2734 750 2769 v.
761 2732 778 2768 s
789 2716 937 2771 celebritate
949 2716 990 2769 die
1000 2717 1070 2769 istud
1081 2717 1199 2769 evenisse
1210 2716 1307 2770 debuit
1341 2715 1437 2769 Scribit
1446 2715 1519 2767 ssim
1528 2714 1582 2767 Lu-

417 2802 508 2855 cienus
519 2801 601 2855 linitis
612 2801 666 2854 iem
678 2800 837 2869 Olympiacis
848 2801 917 2855 ludis
933 2802 1102 2870 Peregrinum
1120 2802 1189 2855 dem
1205 2801 1237 2855 de
1254 2801 1296 2854 die
1312 2799 1582 2855 trahentemdernnm

417 2891 514 2939 certam
522 2886 550 2939 in
558 2890 661 2939 noctem
671 2885 831 2939 condixisse:
845 2882 895 2937 tel
904 2883 949 2937 ciel
958 2882 1159 2956 ἀναβαλλόμενος
1170 2887 1246 2939 viere
1256 2885 1285 2938 rh
1294 2884 1434 2939 τελωτιῖον
1439 2886 1583 2956 apameiae

417 2968 578 3032 ἕπιδιίξασθαι
589 2967 632 3037 τὴν
644 2974 736 3023 καῦσιν.
761 2969 800 3023 Ad
811 2966 877 3023 heac
888 2970 947 3039 quis
959 2970 1122 3041 Scaligernnn
1132 2971 1233 3035 docuit,
1247 2984 1290 3025 nv.
1301 2971 1397 3025 iuliani
1406 2971 1518 3034 mm,
1530 2970 1585 3024 hoc

417 3062 458 3109 est
469 3056 541 3121 lulli,
558 3072 611 3109 nou
628 3062 716 3109 entem
733 3055 845 3121 lunaris,
864 3054 1030 3126 olympiacos
1042 3057 1102 3110 illos
1112 3072 1212 3125 agonoe
1221 3056 1255 3110 de
1266 3072 1338 3109 more
1349 3056 1584 3111 celebratosesse?

414 3140 502 3207 Quam
512 3140 576 3195 haec
586 3151 655 3195 vane
666 3146 693 3195 et
701 3137 846 3211 ἀνάρμοστα
856 3141 911 3195 sint
921 3155 999 3195 nemo
1010 3158 1064 3195 non
1071 3142 1151 3195 videt
1170 3141 1244 3195 Certe
1257 3140 1386 3195 Gelrisius
1397 3140 1584 3211 Olympiadem

416 3228 489 3281 illem
501 3242 626 3283 ccxxnvr.
638 3226 753 3297 Augusti
764 3244 825 3292 xit,
841 3244 895 3283 non
909 3226 976 3281 lulio
989 3234 1121 3297 peractum
1132 3227 1273 3281 existimet.
1306 3225 1357 3289 Qci
1372 3227 1472 3295 etipse
1488 3232 1584 3279 umen

416 3314 509 3384 puerili
518 3328 627 3384 prorsus
639 3329 725 3367 errore
736 3312 763 3367 in
775 3313 820 3365 illa
830 3312 965 3383 Peregrini
975 3311 1084 3367 hhtorie
1099 3328 1157 3365 sese
1171 3312 1300 3377 neclexit,
1317 3310 1380 3365 dnm
1388 3300 1488 3365 serni
1501 3311 1583 3365 Pete

374 3436 378 3447 ,
417 3400 522 3468 grinntn
539 3398 713 3453 Christianum
730 3397 903 3451 misfactum
921 3411 990 3450 enno
1008 3395 1103 3450 Christi
1114 3414 1219 3462 umes,
1237 3396 1339 3466 Olymp.
1351 3411 1444 3452 cosm.
1477 3394 1510 3449 ln
1526 3414 1584 3467 qno

416 3491 521 3537 centum
541 3470 824 3553 propemoeom'ennie
844 3482 955 3535 aberret
994 3480 1061 3533 Nem
1078 3482 1212 3551 Peregrini
1231 3498 1302 3535 mors
1320 3482 1411 3535 incidit
1428 3482 1457 3535 in
1473 3481 1584 3552 olymp.

416 3580 554 3631 ccxxxvi,
572 3582 670 3621 ennom
682 3566 777 3619 Christi
788 3581 866 3620 ccxv.
890 3565 965 3619 Vixit
975 3573 1062 3619 antem
1072 3566 1182 3621 Herodis
1192 3567 1270 3620 Attici
1281 3575 1397 3636 tempore
1411 3567 1461 3620 ssb
1476 3568 1515 3620 hi
1527 3569 1584 3621 An-

416 3652 479 3704 relio
490 3652 636 3717 Antonino,
655 3658 684 3705 ut
701 3667 734 3703 ex
750 3649 903 3703 Philostrato
915 3650 960 3703 lib.
969 3668 998 3703 ιι.
1010 3650 1042 3705 de
1053 3650 1104 3706 Vit.
1114 3650 1195 3722 Soph
1212 3652 1241 3705 in
1256 3652 1358 3706 Herode
1374 3651 1514 3720 colligitur,
1532 3670 1585 3707 nec

416 3742 507 3793 non-et
517 3753 551 3789 err
561 3736 676 3789 huelem
687 3736 715 3789 in
726 3734 796 3787 illins
808 3734 869 3789 vite.

483 3818 552 3872 Κατὰ
564 3818 692 3889 Ἐβραίους
702 3815 867 3888 Μαρισουάν.]
890 3818 1051 3891 Epiphanius
1062 3820 1158 3876 Christi
1168 3822 1326 3892 baptismum
1337 3822 1456 3892 minuet
1468 3823 1497 3875 ei
1507 3839 1583 3879 anno

417 3906 461 3975 qni
473 3920 541 3959 coss.
554 3904 650 3959 hahuit
657 3905 793 3959 Silvanum
804 3911 832 3959 'et
841 3904 965 3970 Nomen,
975 3908 1023 3976 qni
1034 3914 1074 3960 est
1083 3908 1200 3961 iulienns
1209 3924 1315 3972 uxum,
1326 3906 1466 3963 Novembri
1476 3923 1584 3975 meuse,

416 4007 476 4043 cnm
488 4002 553 4043 unx
565 4002 661 4056 anuos,
677 4004 781 4045 meuses
793 4008 812 4043 x
823 3990 964 4061 implesset
998 3990 1166 4047 Novilunium
1181 3992 1296 4046 medinm
1306 3991 1357 4045 hoc
1367 4009 1436 4047 auno
1447 3992 1543 4047 incidit
1553 3998 1584 4048 in

415 4074 481 4131 Nov.
489 4094 536 4140 vr.,
548 4074 618 4127 horis
630 4076 729 4146 aliquot
740 4082 799 4145 post
808 4076 912 4129 initium
922 4077 1020 4141 noctis,
1032 4078 1106 4145 opclo
1115 4094 1141 4133 x.
1159 4076 1245 4140 Qusre
1256 4076 1442 4131 sillovemhris
1453 4077 1511 4133 dies
1519 4098 1582 4135 vnn

416 4159 605 4215 hlercheeuvsn
612 4160 710 4213 Iudaici
718 4160 774 4213 dies
786 4166 892 4225 estvm,
904 4162 1042 4214 neomenie
1049 4162 1154 4215 iudaice
1164 4162 1223 4215 iniit
1228 4162 1369 4218 Novemhr.
1379 4182 1413 4227 n,
1423 4170 1476 4216 etv
1483 4165 1583 4219 solidis

416 4246 506 4299 debus
517 4244 680 4299 novilunium
692 4246 837 4299 antecessit.
861 4244 928 4299 Nam
938 4244 1042 4306 Iudaico
1053 4248 1216 4301 novilunium
1227 4248 1373 4317 qnsdrabat
1381 4248 1410 4301 in
1420 4246 1583 4305 Novembris

415 4349 474 4397 ern,
486 4331 577 4385 ierisr.
596 4329 648 4383 Sed
659 4346 714 4383 non
720 4338 782 4399 poto
794 4336 895 4383 tantm
906 4330 940 4383 ab
950 4331 1291 4387 illisdiesimnlateminiese
1301 4334 1421 4387 lunarem
1429 4334 1580 4403 weelnere.

414 4416 448 4469 Et
458 4424 570 4471 erratum
580 4414 699 4469 locuste
710 4422 761 4474 est.
778 4422 807 4469 ut
817 4432 864 4486 pro
876 4413 983 4485 ἐβδόμῃ,
1001 4416 1068 4486 τρίτῃ
1079 4418 1122 4469 vel
1132 4416 1245 4488 incipe,
1260 4418 1304 4472 vel
1320 4424 1389 4471 certe
1405 4416 1522 4488 rrrtpep,
1539 4421 1581 4474 le-

414 4501 530 4571 gendum
547 4501 592 4565 sit,
612 4516 663 4570 quo
674 4500 815 4553 tolerabilis
827 4500 1065 4555 neomeniselehes
1076 4501 1257 4557 intercesserit
1293 4501 1361 4566 Quin
1378 4510 1404 4557 et
1420 4504 1486 4557 elius
1503 4521 1582 4561 error

415 4592 454 4639 eet
465 4586 602 4641 inmensis
614 4584 794 4656 appellatione.
816 4585 876 4641 Non
888 4586 960 4639 enim
969 4584 1173 4651 hierchesuven,
1187 4587 1237 4641 sed
1248 4586 1368 4643 Chuseu
1376 4606 1435 4642 esee
1446 4588 1534 4654 debet,
1553 4594 1581 4646 si

415 4670 492 4724 modo
504 4672 660 4725 lunsrisille
668 4670 766 4725 mensis
778 4670 835 4727 init.
871 4670 946 4735 Quod
960 4670 1198 4740 euidentissime
1208 4681 1307 4742 petest,
1322 4674 1349 4727 si
1364 4675 1464 4742 integer
1480 4674 1516 4727 sit
1531 4674 1579 4729 hic

414 4754 552 4825 Epiphssii
564 4756 636 4809 locus
648 4762 674 4811 et
684 4754 782 4809 ludoici
791 4756 889 4811 mensis
900 4762 977 4811 sexta
986 4756 1149 4811 novnminm
1162 4758 1333 4813 commissum
1348 4759 1434 4813 inerit
1468 4758 1537 4822 Quid
1552 4764 1580 4815 si

415 4847 461 4895 snt
471 4840 560 4895 ludsoi
571 4846 632 4895 tunc
643 4840 781 4911 temporis,
792 4848 838 4895 aut
845 4840 1005 4912 lipiphsnius
1016 4842 1073 4912 ipse
1080 4840 1387 4900 ludeicornmmensinm
1394 4844 1523 4900 voesbuis
1533 4845 1579 4901 lu·
