3650 5642
444 602 576 659 ccxxvl

441 758 567 829 suspicor,
584 756 654 828 quod
665 756 852 827 Aegyptiorum
868 754 976 810 deorum
992 754 1102 809 ministri
1117 754 1169 809 rasi
1185 760 1285 821 esseut,
1301 760 1331 809 ut
1345 754 1499 825 syncellis.
1513 756 1547 809 de
1558 756 1604 810 En·

441 860 508 899 com.
522 842 637 907 caluitii,
648 840 777 896 Plutarch.
789 846 864 894 tract
876 840 908 895 de
920 840 1000 905 iside,
1013 841 1107 910 aliique
1119 840 1264 911 complures
1276 840 1433 911 significant.

507 927 539 981 N.
552 946 580 981 rr.
603 924 674 977 Ἀλλ’
686 924 732 978 oda
743 922 833 995 ἔμεινεν
844 925 934 996 αὐτῷ]
962 926 1033 979 lianc
1046 925 1166 995 origenis
1178 924 1313 981 historiam
1324 940 1354 979 ae
1364 926 1470 995 lapsum
1481 932 1606 981 reuocant

440 1012 586 1066 indubium
598 1012 712 1065 Annales
721 1011 908 1075 Ecclesiastici,
922 1027 991 1064 anno
1003 1025 1095 1067 ucurrr.
1106 1027 1178 1065 num.
1188 1026 1257 1075 cas,
1270 1016 1297 1064 et
1307 1010 1441 1081 deinceps,
1453 1011 1527 1076 imo,
1539 1010 1604 1082 quod

440 1098 552 1168 amplius
564 1102 618 1162 est,
633 1098 719 1150 locum
736 1097 815 1150 istum
827 1113 878 1167 quo
889 1096 1002 1150 narratio
1014 1096 1061 1149 illa
1071 1096 1217 1149 continetur
1229 1100 1378 1169 suspectum
1388 1095 1517 1161 reddum,
1534 1097 1606 1167 qussi

440 1183 571 1251 abaliquo
583 1197 719 1253 perperam
730 1182 764 1235 sit
772 1182 891 1235 insertus.
910 1180 1025 1245 Quorum
1034 1180 1083 1235 hoc
1091 1181 1220 1251 posterius
1228 1182 1362 1253 perspicue
1370 1180 1484 1247 ialsum,
1496 1182 1604 1235 alterum

339 1287 360 1327 μ
369 1276 415 1317 ssa
439 1284 492 1321 non
503 1268 568 1320 satis
580 1268 732 1339 probatum,
749 1273 887 1336 uuumque
902 1258 1043 1319 levioribus
1061 1266 1215 1320 coniecturis
1232 1266 1352 1321 innisum
1367 1271 1408 1319 est
1424 1282 1509 1337 quam
1524 1272 1554 1319 ut
1565 1282 1605 1318 re·

439 1352 583 1406 tustisslmo
591 1352 809 1422 amethsimoque
816 1351 885 1422 patri
893 1350 958 1405 fides
966 1350 1015 1405 hau
1023 1351 1051 1405 in
1059 1356 1132 1421 parte
1143 1351 1290 1421 derogetur.
1307 1348 1493 1405 Communium
1504 1358 1557 1415 eat,
1568 1352 1605 1403 in·

439 1438 545 1507 quiunt,
563 1442 589 1491 et
604 1436 726 1491 affectata
742 1437 885 1501 calumia,
901 1436 971 1507 quod
983 1436 1015 1489 de
1027 1434 1146 1506 Origeuis
1158 1436 1234 1507 lapsu
1245 1436 1403 1490 anonnullis
1413 1436 1522 1491 iacitur.
1555 1435 1605 1489 Gur

438 1523 476 1575 ita
490 1522 613 1575 tandem?
637 1522 766 1585 Quoniam
777 1522 933 1591 scriptorum
944 1527 1060 1575 setarum
1071 1537 1162 1587 nemo,
1175 1520 1220 1593 qul
1231 1521 1273 1575 sel
1283 1536 1331 1591 pro
1342 1519 1456 1591 Origene
1468 1520 1604 1592 apologias

439 1606 586 1671 ediderunt,
603 1608 644 1659 rel
660 1608 748 1678 ipsum
765 1623 780 1659 e
798 1607 927 1660 contrario
944 1607 1046 1677 scriptis
1062 1607 1117 1659 suis
1133 1612 1329 1677 oppugnarunt,
1346 1607 1402 1659 elus
1418 1606 1459 1660 rel
1477 1606 1602 1661 meminit

437 1694 518 1762 Atqui
527 1710 576 1745 nos
587 1690 762 1762 Epiphanium
773 1692 942 1762 opponimus,
959 1708 1010 1761 quo
1023 1708 1107 1762 usque
1119 1692 1290 1762 antiquiorem
1301 1696 1430 1757 autorem,
1443 1706 1536 1763 neque
1547 1706 1601 1761 gra·

438 1778 537 1831 aierem
554 1778 684 1847 requirere
701 1776 825 1830 debemus
830 1816 838 1843 ,
855 1777 902 1847 qni
919 1776 950 1830 de
968 1776 1079 1846 Origene
1098 1778 1171 1831 uelut
1190 1782 1349 1847 compertam
1370 1792 1425 1829 rens
1439 1777 1601 1846 minimeque

438 1862 544 1915 dubiam
559 1862 623 1915 illud
634 1862 721 1931 ipsum
731 1862 828 1917 retulit
857 1861 888 1915 ln
900 1878 952 1933 quo
963 1877 1121 1932 magnopere
1133 1860 1329 1932 ponderandum
1339 1860 1409 1915 istud
1425 1868 1484 1927 est,
1502 1862 1599 1932 quoties

438 1947 566 2000 eiusmodi
577 1946 675 2016 aliquid
687 1947 808 2017 proponit
818 1945 993 2018 Epiphanius,
1010 1947 1081 2017 quod
1095 1946 1128 2000 ad
1140 1946 1250 2000 alicuius
1262 1946 1339 1999 etiam
1351 1946 1468 2016 alioquin
1481 1944 1600 1999 haeretici

437 2047 469 2084 ac
484 2031 579 2085 nefarii
593 2030 708 2085 hominis
723 2032 850 2085 inuidiam
865 2032 1089 2102 ignominiamque
1105 2032 1227 2103 pertinet,
1248 2031 1275 2085 id
1292 2032 1314 2085 si
1331 2030 1426 2085 dubiae
1441 2032 1599 2100 minimeque

438 2117 582 2170 constantis
592 2116 678 2170 ismae
690 2118 736 2183 sit,
753 2117 880 2171 nonnulla
895 2134 956 2171 cusu
972 2116 1141 2171 excusatione
1153 2132 1183 2170 ac
1194 2115 1337 2169 titubanter
1347 2116 1382 2169 ab
1392 2116 1438 2170 llio
1448 2114 1598 2187 significari,

437 2207 516 2271 atque
527 2200 577 2255 hoc
587 2202 715 2273 imprimis
727 2203 825 2267 caveri,
836 2218 870 2255 ne
880 2202 980 2256 incerte
990 2218 1018 2255 re
1029 2200 1256 2257 commemoranda
1267 2208 1364 2255 certam
1375 2200 1453 2255 alicui
1465 2200 1596 2255 tntsntsn

436 2302 468 2339 ac
478 2286 590 2340 dedecus
600 2288 726 2358 imponet
759 2288 815 2341 Hoc
825 2302 886 2341 sero
897 2286 956 2341 locu
967 2286 1065 2341 nullam
1082 2286 1229 2340 istiusmodi
1244 2286 1390 2339 cautionem
1407 2285 1539 2349 adhibuit,
1555 2284 1596 2337 sed

437 2388 497 2425 cum
508 2372 540 2425 de
551 2373 627 2443 lapsu
638 2379 665 2425 et
674 2374 770 2426 iniecto
782 2378 839 2425 ture
850 2376 993 2437 constaret,
1005 2370 1054 2425 hoc
1065 2388 1147 2425 unum
1159 2370 1274 2441 excepit,
1284 2370 1354 2441 quod
1365 2370 1389 2424 si
1399 2386 1494 2425 verum
1505 2376 1556 2435 est,
1566 2368 1595 2421 sd

437 2457 625 2511 subterendum
637 2457 776 2527 origenem
788 2457 869 2522 salet,
879 2458 1065 2512 nonnullorum
1076 2456 1167 2511 iactari
1178 2456 1355 2521 sermonibus,
1365 2470 1534 2528 nequaquam
1545 2454 1594 2509 Ου’·

436 2558 530 2613 genem
541 2544 629 2612 ipsum
640 2549 682 2595 tus
694 2542 851 2606 adolevisse,
862 2541 908 2595 sed
919 2558 980 2595 cum
991 2542 1047 2595 eiua
1059 2541 1148 2613 digitis
1160 2548 1229 2595 esset
1239 2541 1402 2611 impositum,
1413 2542 1441 2595 in
1452 2542 1593 2597 soblem

437 2642 498 2679 arse
506 2626 591 2679 iorum
601 2627 767 2697 agentilibus
775 2642 916 2680 excussum
924 2626 1013 2682 inisse.
1048 2625 1123 2691 Quod
1134 2626 1214 2697 igitur
1225 2626 1252 2679 ln
1264 2625 1419 2681 sacrificium
1430 2640 1462 2679 sc
1475 2626 1592 2681 maioseus

435 2712 540 2765 sceleris
551 2718 650 2782 partem
665 2711 827 2765 consenserit
836 2710 978 2781 Origenes,
995 2712 1102 2765 minime
1118 2712 1246 2765 dubitauit
1259 2708 1432 2782 Epiphanius,
1449 2716 1539 2765 utrum
1552 2724 1592 2762 es·

434 2812 555 2865 pressum
564 2794 615 2849 hcc
626 2796 660 2849 ab
670 2796 752 2849 invito
765 2794 867 2849 facinus
883 2796 1000 2851 eiusdem
1016 2812 1097 2849 mauu
1113 2796 1323 2851 administratum
1333 2795 1422 2862 iue'rit,
1437 2796 1464 2851 id
1475 2812 1537 2852 varo
1551 2794 1590 2847 du·

435 2880 534 2933 bitania
551 2880 652 2933 Gestari
663 2880 710 2949 qui
718 2880 758 2933 sel
769 2880 929 2949 antiquiores
940 2878 1098 2951 Epiphanio,
1109 2881 1150 2934 vel
1161 2880 1231 2935 illius
1242 2881 1368 2953 temporis
1377 2896 1507 2953 suppares
1517 2884 1590 2941 erant,

434 2965 529 3035 partim
540 2964 660 3035 Origenis
671 2980 760 3019 amore
771 2964 982 3030 dissimularunt,
999 2965 1093 3037 partim
1106 2966 1175 3035 quod
1187 2966 1220 3019 ad
1230 2982 1285 3021 rem
1297 2968 1403 3021 minime
1414 2966 1526 3031 moeret,
1536 2963 1589 3019 seri·
1616 3008 1617 3012 ,

434 3049 519 3105 hendo
529 3051 765 3122 praetermiserunt
781 3051 867 3122 atqua
875 3049 1003 3105 Eusebius
1016 3050 1132 3122 quidem,
1144 3056 1235 3122 utpote
1246 3050 1367 3122 origenis
1377 3050 1526 3116 admirator,
1535 3066 1588 3103 con·
1614 3074 1616 3129 ss

434 3134 503 3189 aulto
514 3141 545 3189 ut
556 3136 697 3203 omitteret,
709 3136 802 3191 iecisse
813 3136 921 3191 ridetur.
956 3135 1023 3191 Nasu
1035 3134 1100 3191 nihil
1111 3152 1201 3191 eorum
1212 3136 1306 3201 tacuit,
1323 3152 1389 3207 quas
1399 3136 1433 3191 ad
1444 3136 1515 3191 illius
1527 3150 1590 3189 eon·
1613 3130 1615 3214 J

433 3220 638 3288 mandationem,
649 3220 714 3276 nihil
725 3223 823 3288 attulit,
835 3222 904 3292 quod
916 3220 949 3275 ad
960 3220 1128 3275 minuendam
1139 3220 1361 3275 existimationem
1371 3222 1476 3277 valeret.
1493 3218 1588 3289 Reliqui
1612 3238 1613 3282 r

434 3307 626 3373 tamiautores,
642 3324 720 3377 quam
731 3307 876 3361 aduersarii
886 3306 1021 3377 Origeuis,
1038 3322 1099 3359 curn
1115 3305 1146 3359 de
1162 3306 1248 3376 impiis
1264 3306 1319 3360 eius
1336 3305 1501 3377 dogmatibus
1517 3312 1587 3373 atqua
1611 3302 1612 3350 l

435 3394 564 3447 erroribus
579 3394 608 3446 in
622 3398 754 3446 certamen
769 3392 1022 3462 uqouuonanns
1033 3392 1177 3457 uenissent,
1195 3390 1272 3445 iaclle
1289 3396 1468 3462 contempsere
1484 3396 1584 3445 sacten.

433 3478 471 3529 ic
482 3478 597 3547 proiecto
608 3477 640 3529 de
652 3494 683 3530 eo
694 3477 800 3531 crimine
811 3476 882 3529 sileri
892 3492 910 3528 a
920 3476 1091 3530 smctissimis
1103 3476 1165 3529 siris
1177 3476 1364 3546 aequissimum
1374 3476 1436 3542 tuit,
1452 3478 1526 3531 cuius
1535 3480 1584 3527 tau·

433 3567 522 3631 tepere
537 3563 611 3615 illum
628 3561 785 3631 poenituisse
802 3560 910 3624 scirem,
928 3576 962 3613 ue
979 3559 1091 3615 hominis
1107 3562 1247 3615 memoriae
1264 3562 1389 3617 insultare
1405 3560 1584 3628 uhueetariqtlt

433 3646 499 3699 aelle
509 3646 596 3716 potius
608 3661 686 3715 quam
697 3660 795 3698 errores
807 3643 931 3699 damnare
942 3644 1097 3701 uiderentur,
1119 3646 1157 3700 De
1169 3647 1240 3713 aliis,
1252 3662 1362 3717 quorum
1374 3646 1472 3717 scripta
1482 3658 1532 3701 non
1543 3658 1583 3696 su·

432 3736 501 3796 tant,
512 3730 684 3800 pronunciare
694 3728 799 3783 nonnisi
808 3735 906 3783 tenuem
917 3746 1065 3801 possumus.
1087 3731 1176 3785 Altera
1187 3732 1214 3785 lu
1225 3732 1369 3787 Annalibus
1380 3732 1526 3787 contemta
1535 3742 1581 3783 noa

432 3816 490 3886 plus
501 3816 630 3879 veritatis,
640 3815 728 3868 minua
738 3812 818 3867 etiam
828 3815 1018 3885 probabilitatis
1029 3814 1114 3871 habet
1140 3816 1320 3871 Ealsissisaum
1332 3816 1401 3871 enisu
1412 3822 1454 3871 est
1463 3818 1581 3873 intestam

432 3898 498 3954 hanc
509 3898 653 3971 Epiphanio
664 3899 786 3955 laciniam
797 3915 867 3965 ease,
879 3916 938 3953 cum
951 3917 1035 3973 neque
1047 3900 1078 3955 de
1089 3904 1158 3970 style
1166 3902 1224 3973 ipsu
1233 3901 1346 3956 dubitari
1353 3902 1450 3973 possit,
1462 3900 1580 3973 atquibus

432 3985 459 4039 id
470 3986 630 4056 argumentis
640 3984 760 4049 efficitur,
771 3984 840 4038 levis
850 3985 915 4049 siut,
927 3985 980 4039 imo
991 3986 1072 4042 nulls.
1106 3985 1280 4057 Epiphanius,
1291 3986 1387 4057 inquit,
1397 3987 1465 4041 libro
1476 3987 1507 4041 de
1516 3984 1579 4039 iton·

432 4072 499 4126 surb
510 4086 541 4124 ac
551 4070 710 4125 Ponderibus
721 4071 797 4141 plane
809 4070 937 4124 contraria
947 4069 1042 4125 docuit.
1075 4070 1171 4126 Scribit
1181 4073 1263 4126 enim:
1285 4072 1414 4127 ibrabse
1428 4071 1578 4141 Οοὴοοιιο

433 4156 581 4228 temporibus
593 4154 669 4208 Dacis·
678 4174 755 4226 esque
765 4156 803 4209 nd
815 4156 917 4209 tinibus
929 4164 954 4208 et
968 4154 1136 4210 Vobenenses.
1171 4155 1221 4211 Ubi
1232 4173 1284 4211 vox
1289 4158 1383 4226 floruit
1396 4172 1450 4211 unu
1465 4156 1530 4211 ldsus
1544 4156 1576 4203 eet

432 4258 464 4296 ac
471 4247 547 4307 nuit,
557 4239 603 4294 sed
612 4240 776 4310 splendorem
787 4256 821 4294 ex
832 4238 949 4293 doctriua
960 4242 1106 4311 quaesitum
1118 4240 1254 4311 significat
1272 4243 1306 4296 st
1316 4242 1340 4296 sl
1350 4248 1407 4295 tum
1418 4240 1506 4312 lapsum
1516 4243 1575 4293 esset

433 4327 571 4399 (inpones,
580 4342 634 4379 non
643 4326 719 4379 illum
729 4324 849 4381 floruisse
860 4324 956 4379 diceret
967 4323 1134 4395 Epiphanius.
1154 4326 1250 4381 Verum
1261 4323 1376 4397 ιἀμάζιιν
1384 4333 1411 4381 et
1418 4324 1509 4381 llorere
1516 4314 1575 4393 apat

432 4411 604 4482 chronologos
615 4410 680 4465 nihil
690 4410 760 4465 aliud
771 4416 811 4465 eat
821 4426 901 4481 quam
911 4408 1089 4463 commendari
1099 4412 1191 4481 vulgo,
1208 4418 1236 4464 et
1250 4412 1279 4465 in
1289 4412 1379 4482 aliqua
1388 4418 1492 4483 propter
1502 4403 1573 4464 erudi·

430 4498 529 4553 tionem
541 4502 588 4551 aut
597 4497 718 4550 virtutem
734 4496 847 4550 nominis
863 4494 978 4549 claritate
989 4496 1094 4551 uersari.
1127 4496 1199 4549 Hanc
1217 4512 1277 4551 sero
1294 4496 1426 4551 doctrinas
1441 4495 1533 4551 unsa
1546 4502 1573 4543 ⁸⁰

431 4583 593 4653 splendorem
602 4580 708 4651 Origeni
715 4597 799 4652 neque
807 4581 877 4651 prior
887 4580 933 4633 illa
944 4579 1103 4635 idololatriae
1115 4581 1203 4652 culpa,
1215 4576 1570 4657 qnsmpocnissnustltssat

431 4667 529 4738 eripere
536 4666 636 4731 debuit,
647 4680 731 4735 neque
739 4665 865 4736 posterior
872 4671 913 4719 tot
923 4680 953 4719 ac
964 4670 1019 4719 um
1030 4664 1211 4737 multiplicium
1219 4664 1370 4722 haereseum
1379 4666 1490 4723 iniamia
1499 4658 1569 4737 potuit

432 4752 584 4822 opprimere.
618 4749 716 4805 Deinde
726 4750 793 4804 islso
804 4749 912 4805 Decium
923 4764 970 4821 pro
982 4748 1077 4805 Severo
1089 4746 1131 4804 hlc
1144 4758 1295 4822 usurpatum
1306 4754 1339 4806 ab
1350 4750 1494 4824 Epiphanio
1503 4744 1568 4821 pulc

330 4860 352 4901 s
360 4848 404 4892 sss.
431 4842 491 4893 aute
501 4836 642 4891 docuimus.
665 4834 815 4891 Secundum
826 4833 890 4890 baec
901 4834 1064 4905 susumus
1075 4834 1151 4891 nobis
1163 4836 1290 4903 obiicitur,
1301 4838 1347 4908 qui
1357 4852 1417 4893 curu
1429 4836 1461 4891 de
1472 4836 1567 4905 onos·
