3650 5642
1166 623 1379 707 ¹curru

216 766 303 821 uentis
314 768 458 839 approbat
483 767 556 823 Adde
572 770 643 841 quod
654 770 782 827 Eusebius
792 773 929 844 Augustus
945 790 1014 829 auno
1031 775 1145 847 imputat
1154 794 1211 843 rvr,
1227 794 1331 835 menses
1342 798 1378 847 rr,

216 852 258 905 boc
275 858 314 906 eat
329 852 489 909 inchoatum
502 872 565 909 uun.
600 854 686 920 Quare
704 874 763 911 cum
779 860 915 929 Augustus
930 876 999 915 auno
1015 860 1093 915 Urbis
1105 861 1163 936 767.
1175 862 1277 917 duobus
1288 864 1378 919 Sextis

216 952 273 991 cosa
283 946 410 995 mortuus
428 940 474 1005 ait,
490 958 545 995 xrs.
558 940 616 997 Kal.
629 941 700 1013 Sept.
711 958 796 999 annus
813 945 883 1016 apud
893 945 1037 1001 Eusebium
1053 947 1286 1018 quinquagesimus
1300 952 1379 1021 septi·

216 1042 266 1077 urus
277 1041 293 1077 a
304 1027 410 1082 lisrtio
422 1025 511 1079 debuit
521 1026 645 1097 incipere,
657 1027 767 1099 ideoque
778 1030 877 1100 primus
889 1031 981 1084 incidit
991 1032 1018 1085 iu
1029 1030 1107 1085 Urbis
1116 1033 1174 1088 711.
1191 1033 1282 1104 ltaque
1292 1050 1377 1089 annus

216 1112 317 1181 lugon
326 1129 396 1167 uun.
412 1110 498 1181 coepit
508 1108 586 1167 Urbis
598 1128 666 1169 anuo
676 1112 742 1179 752„
753 1114 854 1169 Iuliano
866 1133 937 1171 xnrv.
948 1114 1076 1187 Iosephus
1086 1132 1147 1171 vero
1158 1118 1214 1172 lrr.
1226 1118 1258 1173 de
1268 1119 1377 1174 Excidio

216 1214 264 1267 cap.
273 1216 346 1262 vnn,
361 1213 423 1251 eum
434 1196 537 1267 imperii
548 1212 631 1251 anuos
643 1204 764 1253 numerat
772 1218 840 1266 aru,
856 1216 961 1255 menses
969 1220 1010 1266 vr,
1025 1201 1080 1255 dies
1089 1220 1122 1267 rr,
1140 1204 1243 1274 abipso
1255 1220 1324 1259 anno
1335 1206 1377 1261 lu·

214 1284 288 1336 liauao
299 1282 390 1337 casd'm
404 1281 512 1346 orditur,
524 1287 552 1336 et
564 1283 668 1353 quidem
678 1290 783 1355 postero
793 1286 833 1340 die
845 1286 878 1341 ab
886 1285 976 1341 Idibus
984 1287 1094 1342 Martiis.
1111 1286 1272 1358 Epiphanius
1280 1297 1377 1357 autem,

216 1370 252 1439 qui
260 1384 328 1423 auno
337 1366 445 1421 Iuliano
454 1384 525 1423 xurv.
537 1374 629 1423 natum
640 1370 797 1425 salvatorem
809 1371 929 1437 eredidit,
941 1372 1101 1427 rmddlau.
1113 1388 1181 1427 anno
1190 1376 1303 1445 Augusti
1311 1395 1376 1431 run.

215 1455 307 1507 initium
319 1454 380 1507 cius
395 1452 490 1505 statuit
501 1453 604 1509 Iuliano
614 1456 702 1521 tertio,
712 1454 853 1512 Urbis'lll.
872 1457 952 1527 Atqui
959 1456 1077 1513 noudum
1085 1458 1279 1514 xuralauuario
1287 1478 1377 1516 meuse

215 1538 341 1593 neumam
354 1538 455 1593 iuerat.
479 1537 520 1591 lta
531 1544 578 1595 est.
603 1539 655 1595 Sed
667 1536 730 1595 κατὰ
742 1541 864 1611 πρόληψιν
881 1541 1025 1597 secuudum
1041 1549 1068 1597 et
1084 1543 1313 1614 quadragesimum
1329 1563 1376 1601 an·

215 1642 268 1679 uum
283 1640 299 1677 a
316 1621 451 1679 Italian.
467 1622 576 1694 incepit,
593 1625 663 1695 qnod
678 1627 809 1698 plerisque
825 1628 994 1698 scriptoribus
1010 1628 1069 1681 aliis
1084 1634 1126 1681 est
1139 1629 1274 1685 familim.
1307 1632 1375 1688 Nam
1401 1649 1423 1688 1³·
1432 1640 1475 1681 ¹³¹0

215 1710 273 1779 quod
288 1712 322 1763 ab
334 1708 421 1763 Urbis
436 1708 587 1775 annulli,
605 1711 706 1765 Iuliano
717 1710 756 1777 3.,
773 1712 886 1783 Augusti
901 1729 985 1766 annos
1000 1718 1146 1785 computet,
1163 1721 1318 1785 argumento
1335 1725 1377 1771 est

216 1796 342 1865 temporis,
363 1810 418 1863 qno
436 1793 585 1863 imperarit,
603 1796 648 1849 illa
664 1798 781 1866 partitio,
799 1814 850 1867 qua
866 1798 980 1868 primum
996 1814 1079 1852 annos
1096 1799 1221 1853 tredecim
1231 1800 1374 1871 imperasse

215 1882 304 1947 scribit,
318 1877 398 1952 ποινὴ
409 1876 453 1943 τὴν
465 1875 586 1933 Ἰουδαίαν
598 1882 745 1951 συνοφθῆναι
757 1881 855 1944 τελείως
867 1881 1012 1954 Ῥωμαίοις,
1025 1884 1095 1954 qnod
1106 1900 1175 1939 anno
1186 1885 1224 1939 illi
1235 1887 1281 1956 qui
1288 1888 1374 1941 Actia-

216 1985 262 2021 rans
273 1965 415 2021 victoriam
430 1968 536 2017 secutus
553 1970 593 2020 eat
608 1968 737 2038 congruit.
761 1968 861 2023 lubsuo
874 1969 974 2023 scilicet
984 1988 1038 2025 rvr.
1062 1969 1236 2033 Quamobrem
1247 1989 1264 2025 a
1274 1972 1374 2027 iuliano

216 2054 277 2106 ertio
289 2052 324 2105 ad
332 2049 470 2105 tissimum
479 2050 599 2119 quintum
611 2053 673 2107 anui
683 2052 807 2111 tredecim
818 2054 946 2118 aristunt;
958 2055 1053 2125 quibus
1069 2054 1150 2109 additi
1162 2074 1227 2111 rxrx
1242 2074 1373 2113 summam

217 2157 261 2197 run
271 2137 428 2199 conficiunt,
444 2150 556 2203 qnorum
566 2144 713 2207 postremus
725 2156 796 2195 rurs.
807 2138 907 2193 Iuliano
919 2140 1011 2210 insipit
1025 2144 1052 2193 et
1067 2140 1172 2210 quidem
1188 2158 1223 2194 ex
1240 2158 1264 2198 a.
1277 2143 1302 2199 d.
1314 2145 1373 2200 llal.

217 2224 268 2289 lun,
279 2230 308 2277 ut
319 2222 429 2277 dictum
440 2225 488 2273 eat
512 2220 596 2285 Quam
608 2224 642 2277 cb
654 2238 774 2279 caussam
792 2242 861 2279 anno
872 2225 986 2294 Augusti
997 2242 1050 2280 xus.
1061 2227 1149 2296 potius
1160 2243 1241 2296 quam
1251 2246 1315 2284 ran.
1326 2247 1373 2283 na·

216 2312 264 2363 rans
275 2306 376 2365 christi
387 2306 564 2375 msiguandus
575 2308 626 2361 init
641 2308 830 2376 camberaco,
846 2310 1019 2375 Tertulliano,
1031 2311 1088 2365 aliis
1101 2313 1285 2382 compluribus.
1309 2314 1372 2369 Uac-
1463 2378 1465 2381 Α

217 2407 286 2449 terum
297 2396 373 2449 idem
384 2391 428 2445 ille
440 2406 523 2445 annus
536 2398 595 2463 post
607 2395 738 2449 Actiacam
748 2396 885 2451 victoriam
896 2400 938 2449 est
947 2413 1041 2449 uxum.
1063 2396 1184 2450 Actiacos
1202 2399 1271 2451 enim
1289 2416 1372 2455 annos

218 2483 314 2552 lspppti
325 2492 468 2535 numerare
480 2484 622 2549 coeperunt
633 2480 760 2535 aluliauo
772 2498 835 2545 arn,
847 2480 925 2535 Urbis
934 2480 993 2533 724.
1009 2480 1101 2552 ltaque
1112 2482 1252 2537 vicesimus
1265 2490 1371 2540 cetarum

217 2568 288 2637 eoepit
297 2566 403 2620 iuliano
415 2580 503 2629 ruam,
519 2562 640 2635 idemque
656 2572 682 2619 et
698 2574 823 2637 sequente
837 2566 951 2634 Iuliano,
967 2582 1019 2637 quo
1035 2572 1112 2621 natus
1129 2573 1171 2623 est
1184 2585 1219 2623 ex
1232 2569 1372 2641 Epiphauii

217 2653 332 2706 sententia
343 2648 480 2713 Christus,
497 2648 611 2703 Ianuarii
622 2670 656 2705 vr.
674 2651 759 2706 adhuc
774 2652 802 2707 in
819 2668 898 2705 cursu
913 2656 981 2717 erat,
998 2669 1077 2722 quem
1087 2654 1131 2707 ille
1142 2659 1230 2709 tamen
1241 2674 1314 2713 xm.
1326 2674 1371 2728 ap·

218 2739 294 2807 pelen
305 2735 393 2809 quod,
405 2736 458 2789 nisi
469 2736 553 2801 lallor,
565 2742 655 2790 contra
666 2742 745 2807 atque
753 2736 924 2791 Alexandrini
933 2744 1122 2793 consueverant
1132 2740 1213 2794 sliat
1220 2742 1276 2796 lan.
1284 2744 1371 2813 auspi·

218 2830 283 2878 cetur.
298 2822 394 2893 Neque
404 2838 466 2874 raro
479 2836 587 2875 caussae
600 2822 739 2891 quicquam
750 2822 801 2877 init
811 2838 858 2877 cur
868 2823 896 2876 in
905 2823 1051 2878 Annalibus
1059 2823 1129 2879 Eccl.
1138 2825 1235 2879 mirum
1242 2827 1371 2882 rideretur

220 2909 275 2977 quod
284 2909 407 2963 Clemens
420 2912 446 2960 st
457 2906 584 2961 Eusebius
596 2908 629 2961 ab
640 2908 748 2961 Actiaca
758 2924 849 2979 pugna
860 2924 944 2963 annos
955 2908 989 2963 ad
1000 2911 1116 2965 natalem
1127 2910 1227 2965 domini
1238 2918 1370 2983 computa·

219 3002 264 3047 rent
272 3010 370 3057 nuru,
388 2998 436 3045 aut
451 2992 520 3062 qnod
531 2992 659 3047 Eusebius
674 2993 703 3047 in
719 2991 846 3049 chronicis
858 2995 1001 3049 Antonium
1014 3000 1042 3049 et
1053 2994 1218 3066 Cleopatram
1229 2996 1370 3052 debellatos

220 3080 335 3149 scripserit
350 3094 422 3133 anno
439 3078 515 3131 tertio
534 3078 636 3151 Olymp.
646 3094 793 3145 cuxxxrm,
811 3096 871 3133 cum
888 3094 921 3134 sa
936 3080 1046 3134 victoria
1063 3096 1131 3135 anuo
1149 3080 1226 3135 Urbis
1243 3084 1371 3138 accideret

221 3164 276 3229 ilii,
291 3165 414 3235 Augusto
425 3181 466 3219 rrr.
479 3169 506 3217 et
516 3164 631 3217 Messala
642 3181 723 3230 coss,
739 3164 901 3236 Olympiadis
917 3180 987 3218 auno
1004 3165 1088 3219 tertio.
1101 3164 1179 3219 nam
1189 3165 1287 3221 Actiaci
1299 3170 1369 3234 anni,

220 3250 297 3318 quibus
308 3250 433 3305 Clemens
444 3254 522 3319 atquc
533 3248 660 3304 Eusebius
672 3250 715 3303 usi
725 3256 798 3316 sunt,
814 3267 868 3304 non
886 3243 919 3303 ab
935 3250 993 3319 ipso
1010 3266 1078 3303 auno
1096 3251 1124 3303 iu
1140 3266 1219 3321 quem
1234 3268 1324 3323 pugna
1337 3270 1370 3308 ao

221 3336 309 3389 daona
320 3334 430 3399 cecidit,
441 3334 488 3388 ssd
499 3350 515 3387 a
526 3336 645 3405 sequenti
656 3336 760 3401 meunt,
772 3334 935 3406 Olympiadis
944 3349 1081 3391 cnxxrvrr.
1092 3337 1182 3401 tertio,
1194 3343 1256 3406 post
1263 3339 1370 3393 Antonii

220 3420 395 3491 rtUleopatrse
405 3436 505 3475 necem.
529 3418 603 3474 Unde
619 3436 702 3475 anuos
714 3421 827 3491 Augusti
842 3421 961 3493 plerique
976 3426 1039 3475 snut
1056 3422 1156 3487 exorsi,
1172 3424 1216 3493 qui
1233 3429 1369 3493 propterea

220 3521 274 3557 anno
284 3506 399 3577 Augusti
409 3524 503 3559 xrvrrr.
514 3514 605 3560 uatum
617 3505 706 3559 dixere
718 3505 857 3561 Ubristum.
880 3506 1036 3577 Quanquam
1053 3507 1080 3560 iu
1097 3524 1128 3561 eo
1140 3508 1247 3578 negotio
1259 3508 1368 3578 diligen-

221 3597 248 3643 ter
255 3590 370 3645 babendo
377 3592 445 3645 ratio
454 3596 506 3656 est,
519 3590 580 3662 quid
589 3592 727 3663 scriptores
736 3592 764 3646 in
773 3592 894 3646 Actiacae
902 3594 1027 3647 victorias
1034 3591 1134 3664 epocha
1141 3596 1369 3648 commemoranda

221 3676 258 3727 sibi
268 3678 402 3731 soluerint
425 3676 493 3731 Nam
505 3694 566 3731 eum
578 3678 702 3731 Actiacos
714 3696 793 3731 anuos
803 3678 966 3750 exprimunt,
983 3679 1111 3733 aluliauo
1122 3696 1189 3746 rra,
1206 3680 1251 3751 qui
1262 3680 1368 3734 Actiaca

220 3760 309 3815 rictoris
322 3762 453 3833 posterior
470 3768 522 3828 est,
539 3762 674 3834 incipiunt.
702 3762 751 3817 Sin
767 3764 801 3816 ab
812 3764 919 3817 Actiaca
929 3764 1038 3817 victoria
1048 3769 1089 3818 tot
1099 3780 1183 3818 anuos
1195 3767 1297 3837 elapsos
1309 3783 1367 3819 esse

222 3844 303 3911 lirant,
321 3848 356 3902 ab
374 3849 487 3918 ipsomet
502 3864 608 3919 pugnae
624 3848 726 3903 navalis
742 3866 811 3903 anno
833 3848 931 3903 ducunt
948 3848 1059 3903 initium.
1094 3848 1221 3914 Quocirca
1236 3852 1366 3906 immerito

222 3930 337 4003 Scallgsro
353 3939 460 3987 notatur
476 3934 666 3987 eruditissimus
684 3932 820 3999 Ouuirius,
838 3934 908 4003 quod
925 3950 985 3987 cum
1001 3940 1094 3988 natum
1109 3952 1166 3989 esse
1178 3935 1311 3990 Christum
1326 3954 1367 3991 as·

221 4018 327 4072 §emisset
342 4019 464 4089 Augusto
482 4038 539 4075 xm.
562 4025 588 4072 ot
604 4018 710 4073 Siluano
727 4034 794 4071 eoas.
811 4020 862 4088 (est
877 4018 919 4072 hic
934 4035 1019 4073 annus
1034 4019 1151 4073 Iulianus
1162 4038 1246 4087 rura,
1262 4022 1365 4093 Olymp.

223 4116 294 4157 crorr.
303 4106 409 4171 tertius)
421 4104 532 4157 eundem
544 4102 620 4158 Urbis
633 4120 690 4157 esse
706 4104 826 4157 statuerit
837 4104 907 4169 ibn,
923 4104 1059 4178 Actiacum
1070 4103 1111 4157 30.
1145 4104 1271 4177 Scaligeri
1287 4109 1366 4161 rerba

222 4194 267 4239 sunl
276 4190 319 4243 lib.
329 4208 366 4244 ar.
379 4189 411 4242 de
422 4189 545 4243 Emend.:
558 4189 628 4242 Nam
639 4192 795 4243 verissimum
807 4200 843 4244 cst
854 4192 1011 4244 eomloncare
1019 4189 1130 4257 Augusti
1137 4208 1195 4245 xrrr.
1206 4196 1365 4244 concurrisse

224 4288 261 4322 raa
272 4294 336 4327 cuno
348 4276 422 4327 tertio
438 4274 533 4345 Olymp.
543 4288 631 4329 cxciv.
664 4274 717 4329 Sed
732 4292 785 4327 eam
802 4294 894 4328 arcuum
911 4275 1034 4327 Pol-iliam
1048 4273 1270 4329 Varroniouorum
1278 4280 1364 4345 scisse

225 4356 280 4423 ⁷52,
292 4370 315 4412 et
324 4362 465 4413 Actiacum
476 4360 535 4424 30„
547 4359 594 4413 doc
605 4378 664 4413 nero
669 4362 769 4429 soleam
781 4371 824 4415 eat.
853 4360 906 4414 Uno
918 4363 983 4411 oraim
995 4376 1060 4411 onae
1070 4361 1129 4429 plus
1141 4364 1212 4416 dicit.
1235 4360 1287 4413 Sed
1297 4359 1363 4414 haec

223 4456 267 4496 eun
275 4446 398 4499 scriberet
408 4446 521 4516 vigilans
533 4446 681 4501 somniabat
692 4445 816 4517 Scaliger.
847 4444 918 4499 Nihil
928 4444 998 4497 euim
1008 4444 1103 4497 certius
1115 4451 1156 4498 est
1167 4462 1246 4515 qnam
1257 4462 1291 4498 ex
1299 4446 1362 4501 Var-

224 4530 276 4581 ronis
291 4532 425 4602 ipsiusque
448 4530 513 4585 adeo
529 4532 656 4602 Scaligeri
671 4532 771 4586 ratione
788 4532 952 4586 consulatum
968 4528 1083 4598 Augusti
1098 4548 1155 4585 xm.
1173 4535 1199 4582 et
1214 4529 1313 4584 Silvani
1329 4531 1362 4585 od

224 4624 299 4669 ”tuum
315 4614 463 4669 Ursicini.
482 4616 622 4687 portinere,
639 4617 769 4671 Iulianum
781 4634 868 4681 rura,
885 4632 939 4686 per.
954 4614 1002 4670 lul
1016 4614 1108 4681 4712.¹
1125 4616 1198 4683 cyclo
1216 4615 1279 4668 solis
1296 4635 1361 4684 ιιι,

225 4694 356 4767 Ῑῠηιοοιιη.,
371 4701 461 4756 indict
470 4720 499 4756 rr.
523 4701 571 4755 Est
581 4702 661 4755 etiam
671 4700 714 4756 hic
730 4718 813 4755 annus
830 4702 863 4754 ab
875 4700 981 4753 Actiaca
996 4716 1087 4770 pugna
1101 4700 1261 4764 triccn'mus,
1277 4702 1300 4755 si
1315 4719 1361 4756 an-

226 4795 270 4836 nun
282 4786 367 4857 ipsum
382 4802 487 4858 pugnae
503 4788 618 4857 primum
633 4802 763 4841 numeres.
796 4786 887 4857 Neque
901 4800 962 4839 raro
973 4785 1113 4839 Actiacam
1124 4802 1217 4839 waren
1227 4804 1290 4843 m.
1303 4804 1361 4845 esse

227 4862 274 4921 brit
284 4871 420 4939 nunnius,
432 4871 477 4927 sed
484 4882 546 4943 poet
555 4875 695 4927 Actiacum
705 4874 854 4935 οἰοιοήοοι,
865 4870 917 4925 boo
927 4874 968 4925 est
977 4868 1111 4926 mocon
1122 4886 1195 4925 xm.
