3650 5642
427 607 510 664 m

427 763 541 835 νομικοὺς
552 765 686 833 detepuit
695 761 744 815 ιἰκὺ
764 765 814 815 τῶν
829 762 1060 834 νομοδιδσσκὺλων,
1078 765 1127 816 τῶν
1139 761 1180 815 καὶ
1191 761 1364 834 γραμματέων.
1393 761 1497 816 Εοιάαο
1515 763 1567 814 saia

421 847 662 920 socitppoppealec
670 848 941 920 σὺνομοδιδασκὺλονςς
955 851 1063 919 aquibus
1074 851 1207 918 diatioqoit
1220 848 1275 911 τοὺς
1287 847 1409 919 νομικοὺς,
1425 865 1483 918 ροισι
1491 863 1568 899 aereo·

427 945 466 987 set
474 934 635 989 Phan‘soes'a.
657 935 720 988 Ideo
734 944 803 987 recte
816 939 865 999 uit,
882 939 987 1002 συνῆσαν
999 932 1047 1004 γὰρ
1064 933 1146 995 αὺτοῖς
1158 934 1199 986 καὶ
1210 931 1233 986 oi
1244 933 1347 1005 νομικοί.
1371 933 1479 997 Eudora,
1497 930 1569 1000 inquit

428 1021 483 1073 loco
494 1021 659 1074 omeboosae
667 1021 808 1073 Pharisaei
819 1029 844 1072 et
852 1020 961 1090 νομικοὶ,
978 1023 1021 1088 qui
1031 1025 1145 1088 quumvis
1155 1037 1229 1072 unum
1240 1037 1331 1090 corpus
1341 1018 1382 1071 καὶ
1393 1017 1476 1089 ταγμὺ
1491 1019 1570 1087 efficis·

428 1106 502 1170 host,
523 1116 608 1160 tameo
622 1116 681 1159 erot
699 1108 836 1160 &crimea
851 1108 977 1175 quoddam
992 1109 1059 1158 inter
1074 1105 1231 1159 Pharisaeos
1246 1104 1286 1157 καὶ
1301 1105 1359 1165 τοὺς
1373 1103 1499 1174 νομικοὺςς
1516 1101 1572 1171 qaod

427 1194 539 1244 maias
553 1195 694 1245 ιἰιοιίιοιιικι
713 1191 985 1245 emetPhon'aoeorusa
1001 1207 1075 1259 quoae
1093 1193 1142 1242 τῶν
1158 1191 1273 1260 νομικῶν,
1296 1189 1362 1244 Hinc
1374 1189 1516 1243 Serrarinm
1532 1187 1572 1238 in·

341 1297 363 1336 p.
372 1285 403 1326 t&
427 1276 536 1348 peritiae
547 1277 647 1347 arguit,
658 1275 774 1348 quodita
783 1277 872 1330 vertit:
891 1277 952 1329 Oeam
963 1279 1027 1346 ipsis
1039 1280 1103 1328 euim
1115 1277 1191 1328 iidem
1203 1285 1279 1329 erum
1288 1285 1313 1328 et
1320 1275 1431 1341 Numici,
1441 1293 1485 1328 aaa
1495 1274 1572 1342 Lapic-

423 1365 513 1432 μανον.
544 1362 596 1416 bed
611 1361 750 1434 Epiphanii
765 1378 873 1415 sensnm
887 1361 1001 1432 pessime
1017 1361 1199 1432 interpretatus
1219 1367 1260 1414 est
1279 1361 1405 1431 Scaliger.
1436 1360 1534 1414 Etenim
1548 1357 1572 1407 τὺ

428 1445 511 1507 αὺτοῖς
525 1463 580 1501 ncn
593 1448 659 1501 ahos
670 1463 750 1518 quam
765 1448 878 1512 scribas,
893 1447 948 1500 sive
960 1444 1199 1516 asponensium,
1216 1446 1359 1516 significat,
1376 1441 1412 1507 οἷς
1430 1449 1530 1512 συνῆσαν
1541 1441 1573 1493 καὶ

428 1530 451 1584 ot
465 1532 569 1603 νομικοί.
593 1532 661 1598 Quia
673 1533 780 1603 saepius
791 1531 967 1602 evangelistae
979 1530 1083 1586 Scribas
1099 1537 1126 1585 et
1137 1530 1258 1601 Νομικοὺς
1271 1532 1345 1601 qnasi
1357 1531 1491 1586 distinctos
1502 1527 1574 1582 nomi·

426 1624 503 1682 nant,
517 1620 622 1673 mmetai
633 1636 668 1674 ex
679 1619 772 1673 eodem
790 1623 879 1671 essent
894 1617 998 1682 ordine,
1013 1617 1090 1687 idque
1101 1618 1143 1671 rel
1154 1615 1209 1668 κατ’
1221 1613 1375 1687 instincte,
1392 1617 1435 1670 vel
1446 1617 1506 1687 qnia
1516 1612 1574 1666 Eori-

426 1703 520 1758 barnm
530 1705 676 1775 complures
688 1709 763 1757 erant
772 1703 869 1774 gradus
880 1709 907 1756 et
918 1702 1018 1767 officia,
1035 1719 1095 1756 cnm
1110 1707 1137 1756 et
1152 1702 1270 1756 civilibus
1281 1703 1348 1756 forte
1364 1701 1535 1755 contractibus
1549 1712 1574 1749 ac

426 1789 638 1860 stipulationibus
648 1794 799 1860 praeessent
808 1788 900 1853 iidem,
917 1793 944 1842 et
954 1787 1041 1858 legem
1056 1789 1298 1858 interpretarentur:
1310 1787 1408 1841 Idcirco
1420 1792 1533 1853 συνῆσαν,
1543 1785 1574 1836 in·

427 1875 495 1945 quit,
510 1879 562 1936 τοὶς
573 1878 755 1946 γραμματεῦσιν
767 1872 790 1925 οἱ
798 1873 905 1944 νομικοὶ,
922 1872 972 1928 hoc
983 1879 1024 1926 est
1034 1877 1161 1926 οσοίιινιοιι
1172 1884 1258 1937 erant,
1270 1889 1352 1926 unum
1363 1870 1448 1943 τάγμα
1458 1879 1486 1926 et
1495 1884 1575 1938 corpus

425 1959 581 2015 efficiebam
604 1961 628 2014 h
638 1976 690 2030 qno
701 1976 756 2014 ncn
766 1959 906 2014 admcdm
915 1958 1037 2013 abhorret
1044 1957 1182 2012 Seruarius.
1205 1957 1273 2012 Nam
1282 1957 1467 2029 μεταληπτοιῶς
1476 1953 1574 2027 Epipha·

425 2045 485 2098 nius
500 2045 599 2099 indicat
612 2045 718 2099 eosdem
733 2061 795 2099 cum
810 2045 908 2099 Scribis
926 2061 983 2098 esse
1004 2043 1060 2104 τοὺς
1077 2044 1203 2114 νομικοὺς,
1224 2044 1285 2097 lieet
1300 2043 1403 2095 mocissi
1418 2061 1464 2095 τινι
1485 2039 1575 2113 proprie

426 2147 480 2184 non
491 2131 527 2183 sit
536 2130 606 2183 idem
617 2147 675 2185 esse
690 2147 751 2184 cnm
765 2131 861 2201 aliquo.
883 2130 1018 2184 Postremo
1034 2145 1170 2200 perperam
1186 2128 1269 2190 αὺτοῖς
1284 2129 1318 2182 sd
1328 2127 1482 2182 Pharisaeos
1498 2123 1575 2180 reterri

427 2215 520 2269 docent
533 2231 600 2287 quae
610 2217 729 2287 proxime
739 2217 920 2271 subiiciuntnr.
952 2213 1031 2268 'tiit
1042 2215 1083 2267 καὶ
1095 2213 1161 2286 παρὰ
1172 2215 1281 2284 τούτους,
1291 2220 1346 2268 tarn
1354 2213 1478 2285 Νομικοὺς
1490 2211 1576 2266 ediec

427 2316 506 2371 qnam
516 2301 686 2373 Γραμμστέας.

493 2384 567 2454 'hobi
578 2405 605 2440 τι
615 2386 683 2458 ῥύσιν
694 2387 810 2459 σώματος
821 2385 1039 2458 ἀπεργαζομένην]
1057 2385 1228 2442 scribendum
1235 2386 1391 2456 pronunciat
1399 2385 1516 2456 Scaiiger
1524 2379 1575 2447 itin

426 2468 530 2542 ἔκκρισιν
542 2472 681 2544 σπέρματος
692 2472 905 2544 ᾶκιργαζομένων.
928 2472 1022 2526 Audax
1034 2472 1112 2526 nimis
1124 2471 1282 2537 emendatio,
1297 2471 1458 2541 minimeque
1468 2482 1576 2524 neccssa-

425 2557 474 2612 ria.
497 2557 566 2611 Nam
581 2557 779 2628 ἁκιργαζορένην
794 2558 911 2629 passive,
931 2563 962 2612 ut
977 2558 1040 2612 aiibi
1057 2574 1146 2628 saepe,
1162 2556 1286 2612 hocloco
1302 2557 1420 2628 sumpsit.
1455 2557 1501 2611 Est
1516 2553 1575 2607 enin

427 2643 542 2696 Graecae
556 2643 720 2714 proprietatis
734 2659 829 2714 parum
838 2642 938 2714 alioqui
952 2642 1062 2714 diligens
1074 2641 1247 2714 Epiphanius,
1258 2647 1288 2696 nt
1302 2647 1329 2695 ct
1338 2641 1446 2696 Phctius
1460 2641 1576 2696 observat

426 2727 500 2792 Quod
515 2728 539 2781 si
555 2728 765 2782 commeationis
776 2726 895 2782 nonnihil
910 2744 976 2799 opus
991 2727 1121 2794 videatur,
1142 2744 1192 2798 ego
1209 2729 1247 2782 ita
1262 2728 1418 2798 concipiam:
1442 2725 1505 2794 ἀηδῆ
1519 2724 1576 2795 ῥύσιν

426 2813 542 2884 σώματος
561 2809 773 2884 ἀπεργαζομένων.
796 2813 1028 2884 malignantem
1048 2819 1122 2906 ῚἿΡ,
1142 2814 1197 2867 aive
1217 2811 1399 2883 ἐξονειρωγμόν.
1434 2813 1519 2884 Super
1536 2809 1577 2861 bae

425 2896 529 2968 ὺκκρίοιι
539 2903 614 2952 extat
622 2896 758 2952 Athanasii
768 2899 878 2968 epistota
888 2898 922 2950 ad
930 2898 1053 2952 hmmum
1064 2897 1233 2952 monachum:
1247 2899 1293 2970 qni
1303 2899 1472 2969 quantumuis
1484 2901 1576 2970 praeter

425 2985 585 3039 voluntatem
595 2982 736 3049 conderet,
748 2988 836 3037 utrum
847 2983 924 3054 culpa
935 2989 1033 3038 maeret
1044 2983 1248 3038 addubitarem

492 3066 637 3136 Ἐννρστιοον
648 3068 675 3122 ii
686 3067 741 3136 hic]
769 3067 917 3124 Secundam
927 3075 954 3123 et
965 3070 1083 3140 quintam
1093 3069 1185 3124 istium
1197 3067 1403 3142 Theophplactus
1415 3085 1498 3142 aeque
1509 3073 1577 3136 atquc

424 3153 584 3226 Epiphanius
599 3155 720 3221 adnotat,
739 3159 768 3210 et
776 3155 953 3211 Hebraeorum
963 3155 1023 3210 libri
1033 3154 1111 3210 iidem
1123 3155 1229 3210 iaciunt.
1252 3155 1287 3210 Ut
1302 3171 1334 3210 ea
1345 3155 1377 3210 de
1392 3172 1419 3210 re
1433 3155 1475 3210 vir
1493 3156 1576 3208 doctus

424 3242 521 3297 irnstn
530 3241 693 3298 dubitaverit
1229 3241 1231 3246 ’

491 3325 667 3382 Ἀττδικάτονν
680 3325 707 3380 bh
718 3325 761 3395 τὴν
773 3325 925 3400 διώκωσιν]
942 3325 1079 3400 Proprium
1087 3325 1351 3394 hocinitLevitarnm
1364 3329 1409 3399 qni
1417 3327 1576 3385 decimarum

426 3427 491 3482 quae
501 3416 614 3485 populns
624 3414 774 3485 praestabat
782 3413 960 3468 sacerdotibus
976 3413 1139 3478 animabant,
1159 3411 1333 3467 Nummorum
1344 3429 1418 3467 xvrrr.
1434 3413 1515 3483 Atqui
1530 3424 1576 3463 nou

301 3493 310 3521 ⁶
425 3513 516 3550 omnes
526 3497 658 3552 Pharisaei
673 3504 748 3552 erant
762 3497 881 3565 Levitae,
900 3497 970 3570 quod
986 3503 1075 3552 umen
1090 3497 1265 3570 Epiphaniam
1283 3499 1397 3553 sensisse
1412 3515 1447 3552 ex
1461 3497 1576 3552 hocloco

424 3582 551 3652 suspicari
560 3583 655 3654 aliquis
666 3589 762 3653 posset
785 3582 858 3646 Quae
868 3583 941 3636 enim
951 3583 1048 3652 alioqui
1058 3582 1224 3638 decumarum
1232 3589 1296 3638 sunt
1303 3584 1436 3651 decumae,
1447 3595 1577 3654 sumptae

424 3673 464 3720 ter
474 3665 617 3721 Levitieum
628 3667 744 3721 ordinem
755 3666 877 3721 decumas
888 3668 976 3722 unhus
988 3669 1132 3739 acceperit?
1148 3667 1266 3724 Primum
1283 3671 1400 3724 omnium
1414 3670 1448 3722 ab
1459 3665 1576 3724 Israelitis

424 3752 552 3822 primitiae
560 3752 685 3823 despicis,
696 3752 787 3805 uriam
795 3753 859 3806 oleis
867 3751 1050 3819 afferebantur,
1062 3759 1118 3808 tnm
1130 3753 1162 3808 de
1170 3755 1291 3826 frugibus
1302 3755 1440 3809 elaboratis
1446 3753 1577 3811 Thamna,

425 3842 452 3890 et
466 3837 590 3893 decimae.
622 3836 752 3892 Thernm
767 3838 796 3890 in
814 3837 875 3908 lege
891 3837 999 3892 definita
1014 3856 1068 3892 non
1084 3845 1147 3893 erat
1175 3840 1228 3894 Sed
1239 3856 1255 3894 a
1266 3841 1399 3910 magistris
1409 3841 1577 3912 praescriptus

424 3921 517 3976 modus
529 3928 581 3989 est,
593 3929 623 3977 nt
633 3939 667 3977 ne
676 3923 764 3977 minus
775 3923 945 3996 sexagesima
952 3924 1115 3994 penderetur,
1139 3923 1224 3988 Quare
1236 3927 1282 3996 qni
1292 3927 1412 3980 liberales
1423 3933 1509 3991 erant,
1521 3937 1577 3994 qua·

424 4007 610 4078 dmgcsimam
625 4009 698 4079 parci
711 4008 919 4078 sexagesimam,
939 4008 1018 4062 medii
1027 4011 1228 4081 interutrosque
1240 4011 1272 4064 ad
1284 4010 1332 4064 hos
1348 4017 1394 4064 aut
1403 4011 1463 4064 iilos
1478 4007 1577 4064 aceede·

423 4093 496 4146 bant.
517 4092 557 4146 De
567 4109 621 4163 qua
630 4110 658 4147 re
669 4092 986 4166 extatlosephiSoaligeri
997 4097 1150 4166 opusculum
1160 4095 1381 4150 interPosthnma
1403 4096 1442 4150 De
1452 4097 1486 4149 iis
1495 4097 1576 4164 itaque

423 4177 559 4233 'l'hernmis
568 4178 670 4232 fortean
680 4179 843 4250 accipiendus
851 4177 1018 4250 Epiphanius,
1031 4197 1092 4235 cnm
1100 4179 1273 4252 τριακοντάδας
1285 4188 1312 4234 et
1322 4179 1515 4248 recensentem
1526 4195 1577 4251 per·

423 4265 523 4318 solutas
533 4262 705 4318 aPhariaseis
716 4281 774 4318 esse
785 4265 883 4318 scribit
905 4263 981 4328 Quod
996 4266 1019 4318 si
1029 4281 1120 4321 rerum
1137 4274 1188 4333 est,
1205 4268 1313 4338 egregia
1328 4267 1431 4321 illerum
1441 4266 1576 4320 liberalitas

424 4351 518 4415 extitit,
529 4355 618 4421 utpote
630 4350 675 4420 qni
684 4349 850 4420 praefinitum
859 4350 1017 4419 magistris
1025 4352 1165 4406 terminum
1170 4355 1220 4404 τῶν
1232 4354 1434 4422 τεσσαρακοστῶν
1446 4365 1576 4422 superave-

422 4435 483 4488 rint
505 4435 566 4490 't'ria
579 4451 656 4506 porro
667 4434 835 4488 decumarum
850 4435 920 4505 apud
930 4435 1061 4489 Hebraeos
1073 4451 1170 4506 genera
1185 4443 1287 4508 practer
1297 4437 1440 4491 'iherumas
1456 4443 1483 4490 et
1493 4436 1576 4508 primi·

354 4541 358 4548 ¹
422 4521 474 4572 tias
485 4521 565 4575 tuere.
595 4520 683 4574 Pn'ma
697 4519 742 4573 ilia
755 4520 806 4573 init
820 4536 900 4591 qnam
910 4519 1040 4574 Leviticae
1055 4521 1135 4574 tribui
1151 4523 1289 4592 quotannis
1306 4525 1478 4594 pensitabant
1502 4523 1573 4576 Nnm.

423 4606 738 4676 xvn1.,20.etdeineaps.
764 4605 864 4670 bibra,
880 4621 960 4676 quam
972 4606 1083 4675 singuiis
1094 4607 1170 4660 annis
1182 4623 1261 4677 penes
1278 4625 1308 4662 se
1325 4609 1433 4680 quisquc
1445 4609 1575 4667 retinebat,

365 4754 370 4771 ι
423 4696 454 4744 nt
463 4689 512 4754 ihi,
523 4691 569 4744 nbi
579 4692 755 4746 sanctuarinm
765 4695 833 4756 crat,
843 4691 890 4745 ilia
898 4697 1058 4756 vesceretur,
1068 4690 1190 4746 adhibitis
1201 4692 1234 4746 ad
1245 4695 1392 4748 convivium
1400 4694 1497 4748 Levitis
1505 4694 1574 4748 Dent

423 4792 477 4829 arv.
504 4775 592 4830 Tertia
601 4776 718 4843 demum,
735 4791 814 4846 quam
829 4777 906 4833 tertio
921 4793 1025 4848 quoqne
1041 4793 1110 4832 anno
1125 4778 1153 4832 in
1164 4777 1267 4834 Levitae
1279 4785 1306 4833 et
1315 4780 1427 4850 pupillos
1438 4779 1574 4850 viduasque

423 4860 623 4935 distribuebant3
633 4862 692 4916 eod.
701 4863 778 4919 Dent.
789 4878 847 4932 cap.
