3650 5642
442 617 584 674 cccxxii

441 799 466 842 et
484 795 639 844 incruentum
661 792 817 858 sacrificium
838 791 965 860 appellst3
993 793 1071 862 utet
1092 793 1170 862 paulo
1192 797 1250 860 post
1273 791 1401 861 disjuncte
1426 791 1531 862 λατρείας
1550 792 1578 840 ια’

441 872 591 946 οἰκονομίας,
612 881 638 928 et
658 875 685 928 iu
703 875 821 928 Andanis
842 874 913 930 haer,
933 893 1031 930 οιανιι.
1050 874 1092 942 την
1116 874 1254 946 οἰκονομίαν
1277 879 1319 943 τῆς
1341 876 1469 946 λατρείας,
1490 877 1534 929 ίιοε
1551 885 1579 927 est

439 964 550 1014 ninam.
583 959 650 1012 Nam
666 959 768 1028 λατρεία
784 959 887 1013 divinus
905 962 990 1014 cultus
1007 969 1084 1030 atque
1103 962 1216 1014 officium
1230 969 1281 1026 set,
1299 962 1368 1032 quod
1385 963 1513 1014 sacntieio
1525 978 1580 1030 prae

440 1052 537 1110 statur;
557 1043 684 1114 οἰκονομία
704 1047 892 1100 incarnationis
913 1033 1104 1116 passionisque
1118 1047 1261 1099 dominicae
1285 1049 1440 1116 mysterium
1463 1047 1582 1117 signifieat
1611 1033 1612 1110 ί

438 1133 481 1184 cui
502 1131 718 1200 repraesentando
741 1133 890 1184 institutum
911 1132 975 1185 illud
998 1141 1037 1185 est
1059 1149 1075 1184 a
1097 1133 1143 1185 deo
1162 1132 1326 1184 sacrificium.
1362 1132 1419 1184 atsi
1437 1134 1466 1186 in
1483 1131 1583 1184 scuris
1611 1141 1612 1216 γ

439 1215 469 1269 N.
478 1233 518 1270 m.
535 1217 687 1287 simpliciter
704 1214 857 1286 οἰκονομίαν,
875 1217 923 1270 boc
935 1225 975 1270 est
988 1219 1147 1286 mysterium,
1165 1225 1247 1269 vocat
1282 1216 1361 1270 Porro
1373 1218 1441 1270 ieria
1454 1218 1538 1287 quinta
1549 1215 1583 1266 do
1611 1225 1612 1284 γ

438 1302 548 1354 minicae
559 1303 689 1372 passionis
705 1303 733 1355 iu
745 1301 898 1372 quibusdam
917 1303 1032 1355 ecclesiis
1044 1301 1219 1372 ἆαονηατιςμος
1237 1302 1299 1366 fuit,
1318 1318 1348 1354 ac
1356 1303 1454 1372 jejunii
1466 1301 1585 1359 relaxatio,
1611 1287 1612 1376 ]

419 1394 467 1440 'ut
483 1388 550 1456 Aug.
567 1388 664 1441 indicat
681 1387 831 1458 Ep.cavu1.
850 1387 956 1457 Capru.
991 1388 1064 1451 Quod
1082 1387 1227 1440 Laodicena
1240 1385 1362 1456 Synodus
1380 1389 1503 1458 usurpari
1519 1387 1586 1437 vetnit
1611 1385 1612 1462 γ

437 1471 588 1526 Oau.1¹.tx:
605 1470 665 1526 Ὅτι
682 1473 711 1524 ού
724 1473 761 1524 iu
771 1471 796 1523 ἰν
813 1478 996 1543 τεσσαρακοστῇ
1014 1471 1142 1542 τῆύστέρρ
1153 1469 1270 1541 ίβδομίιδι
1282 1471 1324 1538 τὴν
1336 1471 1452 1542 πέμπτην
1471 1472 1540 1534 λύειν,
1555 1469 1586 1519 ατί

437 1553 498 1622 ύλην
515 1556 558 1624 την
582 1557 778 1627 τεσσαρακοστὴν
795 1555 928 1626 ἀτιμάζειν,
955 1555 1230 1624 alteriacensis
1256 1557 1456 1628 τεσσαρακοστὴν
1483 1557 1586 1622 νηστεύειν
1611 1595 1612 1620 3

437 1641 644 1713 ξηροραγοῦντας.
678 1643 718 1696 iix
735 1660 787 1712 quo
805 1644 908 1696 notabis
927 1644 1009 1696 obiter
1028 1643 1157 1712 passionis
1175 1641 1363 1696 hebdomadem
1381 1643 1586 1712 quadragesimae

436 1735 536 1798 partem
547 1745 612 1795 esse,
630 1745 682 1781 non
699 1728 732 1781 ab
748 1727 794 1782 illa
804 1728 960 1782 distinctam.
984 1729 1107 1782 'lrullana
1119 1745 1222 1800 quoque
1234 1727 1356 1798 Synodus
1369 1727 1434 1782 Gan.
1446 1745 1518 1782 τινα.
1530 1723 1585 1794 qnod

436 1813 463 1867 iu
481 1813 689 1884 Carthaginiensi
707 1806 823 1866 Concilio
845 1813 877 1866 de
898 1814 964 1866 ioris
986 1815 1030 1868 illa
1053 1815 1144 1884 quinta
1166 1815 1319 1866 nominatim
1332 1809 1486 1884 'exceptum
1508 1813 1585 1872 iuerat,

440 1898 475 1954 Ut
489 1907 653 1952 accrementa
670 1901 765 1950 attaris
782 1903 882 1951 nonnisi
899 1919 916 1950 a
928 1901 1025 1966 jejunis
1042 1901 1181 1950 horninibus
1194 1900 1358 1962 celebrentur,
1376 1911 1483 1969 eccepto
1496 1917 1541 1949 unu
1556 1897 1587 1946 die

437 1989 622 2047 οιιιείαινιαιύο,
640 2003 686 2053 quo
704 2003 783 2036 coena
801 1987 896 2036 donini
912 1986 1055 2037 celebratur
1073 1985 1127 2054 (qui
1139 1991 1180 2036 est
1191 1983 1277 2038 Carth.
1289 2003 1329 2038 ιιι.
1342 1984 1405 2038 Gau.
1421 1987 1508 2048 nimi
1526 1982 1586 2034 abre

436 2070 521 2140 gavit,
539 2070 672 2138 vetuitque
689 2070 734 2122 ilio
752 2069 792 2122 die
809 2070 876 2122 solvi
889 2070 1029 2138 jejunium.
1065 2074 1098 2122 At
1115 2071 1277 2139 Augustinus
1299 2070 1325 2122 in
1344 2069 1465 2138 Epistola
1482 2068 1587 2138 proxime

436 2156 515 2208 citata
531 2154 664 2208 nonnullis
682 2155 710 2207 iu
727 2155 843 2208 ecelesiis
860 2171 959 2208 morem
977 2155 1059 2208 fuisse
1077 2154 1203 2218 declarat,
1222 2165 1248 2205 ut
1266 2156 1304 2205 bie
1315 2159 1403 2223 potuita
1420 2155 1526 2206 sabbati
1540 2151 1586 2202 lel—

436 2243 561 2294 donradce
579 2242 682 2292 ultimae
707 2243 932 2309 quadrupesimae,
960 2251 984 2292 et
1001 2259 1085 2302 manc,
1112 2251 1136 2292 et
1152 2243 1189 2291 ud
1205 2258 1334 2310 uesperam
1353 2243 1505 2308 offerretur,
1529 2234 1586 2306 quod

404 2366 410 2376 .
435 2325 634 2396 improbandum
651 2341 709 2378 ease
726 2332 813 2395 negat.
847 2325 921 2388 Quod
938 2326 1024 2396 ipsum
1035 2326 1102 2378 'olim
1116 2325 1142 2377 in
1160 2331 1244 2376 vetere
1263 2324 1372 2376 ecclesia
1389 2326 1485 2378 ceteris
1507 2323 1586 2376 diebus

437 2413 562 2465 usitatum
579 2410 674 2474 fuisse,
691 2410 790 2464 indicat
807 2411 953 2480 Cyprianus
967 2410 1047 2480 Epist.
1060 2428 1133 2464 nuni.
1152 2409 1212 2463 edit.
1225 2411 1296 2462 Pam.
1332 2409 1381 2462 ilbi
1399 2411 1540 2464 nonnullos
1554 2422 1585 2458 re

358 2556 363 2564 ,
436 2496 572 2567 prehendit
592 2497 638 2566 qui
659 2497 686 2550 in
708 2496 842 2550 matutinis
858 2495 992 2548 sacrificiis
1010 2511 1104 2566 aquam
1123 2496 1207 2548 solam
1224 2494 1392 2558 adhibebant,
1410 2513 1443 2547 ne
1456 2509 1586 2566 persepe

436 2601 489 2636 rena
506 2587 560 2635 uini
575 2583 718 2634 redolerent
733 2587 879 2647 sanquinem
898 2580 1003 2634 Cimon.
1037 2579 1107 2644 Quos
1125 2582 1161 2632 ite
1178 2581 1302 2649 castigat:
1321 2580 1364 2630 An
1381 2581 1429 2632 ι’ίία
1442 2581 1495 2632 sibi
1505 2580 1585 2646 αίίγνίι

436 2670 643 2738 contemplatione
660 2667 799 2730 blanditur,
816 2668 882 2733 quod
898 2669 946 2720 etsi
961 2683 1035 2718 mane
1052 2683 1120 2736 apuu
1137 2667 1192 2718 solu
1209 2669 1298 2734 offerri
1313 2667 1421 2730 uidetur,
1440 2677 1525 2718 tossen
1541 2679 1586 2714 can

437 2754 474 2805 ad
490 2753 644 2805 coenandum
661 2755 779 2814 cessimus,
797 2746 1024 2804 misrsenculr'cem
1043 2754 1176 2821 offerimus,
1195 2753 1240 2804 sed
1256 2769 1311 2803 cum
1324 2769 1468 2816 coenamus,
1488 2751 1525 2802 od
1540 2765 1586 2800 ron·

434 2841 529 2890 οἰοίιιια
546 2845 654 2889 nostrum
670 2836 766 2904 plebem
784 2854 925 2888 conuocare
942 2856 989 2888 non
1003 2855 1147 2905 possumus,
1174 2847 1201 2888 ut
1217 2839 1374 2888 sacramenti
1389 2840 1525 2888 ueritatem
1533 2837 1585 2902 stt·

436 2926 555 2974 ternttate
576 2925 643 2973 onus·
660 2930 797 2990 praesente
823 2922 982 2976 celebremus.
1018 2920 1062 2974 Bis
1080 2921 1160 2990 igitur
1182 2920 1309 2973 sacrificia
1326 2919 1450 2973 celebrari
1468 2919 1586 2976 solebant,

434 3023 524 3071 mane,
541 3013 567 3059 et
584 3005 690 3076 quidem
707 3006 823 3077 publice,
839 3013 897 3060 tum
914 3007 1035 3078 privatim
1053 3007 1102 3060 sub
1120 3022 1263 3076 uesperam.

502 3091 548 3144 ἰίαί
565 3091 645 3153 ούτως
662 3089 784 3159 indicta]
819 3090 950 3154 Ἀπύλνσις
968 3101 1009 3146 est
1025 3097 1115 3157 muso,
1144 3093 1199 3144 siue
1222 3095 1319 3156 miano,
1345 3106 1405 3144 cum
1423 3091 1549 3144 diaconus
1564 3099 1587 3136 rt

434 3193 509 3233 saus
524 3177 644 3232 coniecta
659 3179 787 3250 populum
804 3179 918 3233 dimittit.
953 3179 1037 3242 Quare
1055 3177 1246 3230 subaudiendus
1265 3183 1306 3228 est
1323 3173 1336 3227 ὁ
1355 3174 1476 3238 διάκονος.

501 3261 544 3316 Ἐν
556 3268 585 3335 τῇ
598 3263 757 3336 ἂναατασίμῳ
775 3263 873 3335 ἡμέρη]
892 3265 996 3334 Proprie
1014 3261 1109 3333 μεγάλη
1126 3261 1205 3332 ἡμέρα
1217 3261 1313 3332 pascha
1325 3262 1481 3316 nominatur.
1517 3255 1584 3310 Utin

434 3355 571 3421 Ancyrano
590 3349 652 3406 Gan.
665 3369 704 3404 vr:
728 3347 795 3410 ἔδοξε
817 3349 890 3420 μέχρι
913 3352 955 3415 τῆς
978 3347 1086 3418 μεγάλης
1108 3346 1199 3418 ἡμέρας
1222 3345 1252 3408 εἰς
1271 3343 1385 3416 ἂκρύαοιν
1404 3346 1526 3416 δεχθῆναι
1558 3339 1586 3392 Εἰ

434 3438 558 3507 quoniam
583 3437 611 3489 in
636 3435 796 3488 illustrandis
813 3435 907 3486 veteris
926 3434 1048 3486 ecclesiae
1067 3434 1159 3487 ritibus
1177 3439 1286 3486 navatus
1307 3449 1323 3484 a
1349 3434 1424 3486 nobis
1443 3446 1534 3502 opera,
1558 3425 1584 3476 dt

434 3537 486 3574 uno
511 3523 625 3574 alterove
642 3522 765 3574 lectorem
790 3518 988 3572 admonebimus
1007 3520 1052 3588 qui
1073 3535 1119 3590 per
1136 3519 1256 3572 solennes
1274 3516 1404 3588 paschatis
1422 3517 1501 3570 ferias
1520 3527 1584 3566 usur·

432 3607 489 3675 pari
506 3607 634 3660 solebant
668 3605 719 3668 Qui
745 3604 793 3658 etsi
818 3603 851 3656 ad
868 3602 1042 3673 Epiphaniam
1065 3611 1181 3658 nostrum
1200 3603 1263 3656 nibil
1282 3603 1420 3656 admodum
1438 3601 1584 3672 pertineant,

431 3691 496 3742 alias
507 3696 595 3742 tamen
607 3690 704 3742 babent
715 3690 934 3760 opportunitates,
952 3691 985 3742 ob
997 3706 1062 3760 quaa
1074 3691 1176 3743 illorum
1189 3707 1241 3742 nou
1254 3687 1482 3759 praetermittenda
1494 3681 1584 3739 mentio

431 3775 540 3829 ridetur.
574 3774 690 3828 Primum
712 3776 793 3844 igitur
818 3791 864 3844 per
882 3773 941 3827 illos
960 3775 1013 3828 dies
1032 3791 1047 3826 a
1065 3773 1217 3828 Christianis
1235 3775 1433 3844 imperatoribus
1452 3771 1530 3825 vincti
1546 3781 1582 3819 ra·

431 3860 544 3930 plieique
562 3877 576 3912 e
594 3876 696 3913 earcere
713 3860 889 3912 mittebantur.
924 3859 1045 3912 Monachi
1057 3859 1181 3928 Eutychis
1195 3858 1316 3912 haeretici
1328 3859 1354 3912 iu
1374 3859 1460 3912 libello
1479 3849 1583 3926 supplici

431 3945 464 3998 ad
480 3944 712 4015 Pseudosynodum
729 3942 887 4014 Ephesinam
914 3945 941 3996 in
960 3945 1031 3997 Actis
1050 3943 1203 3998 Chalcedon.
1225 3943 1332 3997 Goncilii
1350 3943 1383 3996 de
1399 3943 1441 3996 die
1458 3937 1581 4013 paschatis

431 4031 581 4100 loquentes,
607 4029 663 4082 καθ’
679 4031 718 4097 ἢν,
743 4031 873 4099 inquiunt,
899 4027 981 4082 λύεται
999 4027 1042 4100 plu
1068 4033 1119 4090 τοῖς
1142 4027 1261 4088 πλείστοις
1279 4031 1328 4080 τῶν
1345 4026 1522 4098 ἡμαρτηκότων
1538 4019 1580 4072 ich

431 4119 480 4168 τῶν
498 4114 575 4186 ιἀγίων
592 4116 704 4186 πατίρων
721 4113 792 4186 ἡμῶν
810 4111 841 4167 τὰ
857 4111 976 4184 ἐπιτίμια,
995 4113 1077 4166 λύεται
1095 4113 1122 4168 δέ
1139 4115 1206 4184 παρὰ
1223 4117 1271 4166 τῶν
1290 4111 1467 4182 βασιλευόντων
1485 4111 1522 4164 ἔτί
1538 4109 1580 4158 τῶν

430 4199 592 4272 ἐγκλημάτων
614 4199 645 4252 τὰ
666 4201 744 4272 δεσμὰ
761 4203 810 4261 τοῖς
828 4198 974 4261 ὑπευθύνοις.
1010 4199 1089 4253 liutai
1106 4199 1196 4253 eadem
1214 4200 1244 4253 de
1261 4217 1290 4252 re
1306 4199 1389 4270 impp.
1408 4191 1578 4254 Valentinianis

431 4288 547 4344 Valentis
564 4293 590 4340 et
608 4286 726 4340 Gratiani
743 4287 896 4356 rescriptum
916 4303 970 4340 sur.
989 4284 1020 4337 de
1038 4285 1137 4356 indulg.
1154 4284 1216 4338 (iod.
1228 4283 1368 4340 Theodosz
1407 4284 1442 4337 Ob
1461 4287 1524 4337 dien
1536 4297 1578 4349 pu·

429 4374 509 4428 euhoe
526 4391 595 4444 paean
612 4376 700 4426 intimo
718 4374 794 4425 corde
812 4372 980 4434 celebramus,
1010 4372 1133 4436 omnibus,
1159 4389 1219 4440 quos
1236 4379 1323 4424 rectus
1352 4374 1480 4439 uebinpr't,
1497 4379 1578 4422 carcer

429 4461 541 4524 inolent,
558 4460 674 4512 claustra
691 4459 855 4510 ιίίωοίοίαιιιι.
888 4456 971 4509 Huius
989 4456 1064 4508 nobie
1080 4456 1323 4510 commemorandas
1335 4456 1527 4510 consuetudinis
1542 4463 1577 4502 οὐ·

430 4544 563 4598 unionem
589 4543 660 4598 dedit
675 4542 854 4596 'themistiani
873 4541 1007 4611 'quaedam
1035 4543 1130 4608 oratio,
1158 4543 1232 4612 cujus
1258 4549 1443 4613 argumentum
1465 4542 1575 4594 haetenus

429 4627 592 4696 ignoratum,
609 4645 658 4684 nec
674 4644 691 4681 a
707 4628 783 4681 nobis
800 4628 879 4680 etiam
895 4627 922 4679 in
941 4626 1084 4680 nouissima
1100 4633 1190 4682 nostra
1207 4627 1318 4681 editione
1336 4629 1400 4681 satia
1418 4627 1574 4680 naussum.

430 4713 572 4781 plurimum
588 4713 649 4772 huic
666 4713 840 4766 observationi
857 4711 968 4766 debebit.
1001 4712 1039 4765 Ea
1050 4719 1090 4766 est
1101 4713 1168 4767 iuter
1179 4711 1370 4766 Themistiauas
1382 4712 1473 4766 ordine
1489 4712 1573 4782 quina

430 4797 458 4850 in
474 4814 527 4866 qua
537 4798 677 4852 Theodosii
694 4799 803 4852 senioris
821 4799 985 4851 clementiam
1003 4797 1241 4869 humanitatemque
1258 4799 1396 4869 praedicet.
1430 4797 1514 4862 Quam
1529 4791 1574 4866 qui·

430 4882 487 4936 dem
505 4885 649 4938 orationem
668 4887 746 4955 uulgo
763 4898 917 4954 persuasum
935 4891 990 4938 erat
1016 4885 1137 4938 omnibus
1164 4885 1195 4938 ad
1214 4884 1414 4940 Antiochensem
1440 4885 1511 4938 illam
1528 4895 1573 4952 pit
