3650 5642
425 605 510 664 xivi

425 775 542 832 ιςτοιροο
553 759 694 824 colluam,
710 758 904 830 mansuetavit,
922 775 978 813 non
992 763 1052 812 ante
1068 773 1228 813 recessuram
1244 759 1277 813 ab
1293 775 1324 814 ea
1334 763 1493 831 potesmtem
1508 765 1579 828 atque

424 847 564 918 imperium
579 861 610 898 ae
620 844 730 915 reipubl
746 843 859 898 formem
875 860 955 914 quam
971 842 1087 897 Christus
1104 845 1258 900 advenisset
1291 845 1361 900 llaec
1379 846 1438 916 ipsa
1450 846 1580 914 utriusqus

426 931 503 1002 regni
513 931 673 1001 comparatio
684 947 738 983 nou
748 929 912 983 mediocriter
923 929 956 983 ad
966 929 1148 983 illumandum
1159 931 1291 984 oraculum
1302 929 1365 984 illud
1377 931 1507 1001 pertinere
1518 929 1580 982 side·

425 1022 476 1072 tur.
510 1015 551 1070 lix
562 1033 614 1086 quo
626 1031 788 1086 consequens
799 1021 841 1068 est
850 1016 878 1068 in
889 1014 1037 1068 Alexandro
1052 1016 1159 1068 minime
1175 1015 1282 1070 fatalem
1297 1017 1369 1069 illam
1383 1016 1487 1087 imperii
1504 1015 1581 1084 digui-

425 1106 506 1154 tstem
517 1117 549 1155 ao
561 1107 717 1172 potestatem
728 1099 848 1167 desiisse,
860 1100 906 1154 sed
917 1105 977 1172 post
988 1099 1084 1154 Christi
1094 1101 1256 1154 nativitatem
1268 1107 1294 1154 et
1305 1100 1413 1154 Herodis
1425 1101 1526 1154 obitum
1542 1117 1581 1152 ax·

424 1187 511 1257 tingui
527 1187 656 1258 coepisse,
676 1187 882 1258 inips01suten
897 1186 970 1240 urbis
987 1186 1088 1240 excidio
1104 1185 1221 1241 funditus
1237 1187 1355 1241 deletam.
1393 1185 1505 1242 caen
1519 1183 1583 1256 apud
1620 1231 1621 1262 ρ

423 1271 569 1328 Parnasium
578 1278 698 1327 nostruin
707 1273 798 1343 legito.

492 1357 591 1410 dduccs
601 1357 650 1430 γάρ
661 1357 677 1426 ἡ
688 1357 771 1428 τάξις.)
805 1357 879 1422 Quae
891 1356 935 1411 hie
951 1357 985 1411 ab
1000 1356 1145 1430 Epiphanio
1164 1363 1314 1424 nouantur,
1333 1373 1418 1428 iisque
1438 1373 1531 1410 secum
1545 1371 1583 1410 eo·

423 1441 544 1510 haerent,
562 1459 613 1498 nec
623 1460 685 1498 cum
699 1443 824 1498 δίυιοτίοο
834 1443 886 1496 lide
901 1445 1075 1498 consentiunt.
1108 1444 1296 1515 Legitimomm
1315 1444 1474 1514 principum,
1497 1443 1541 1512 qui
1555 1443 1583 1494 de

422 1529 582 1583 trihuiudse
592 1530 755 1602 prodierant,
771 1530 867 1584 seriem
876 1529 1038 1584 intercidisse
1049 1535 1135 1600 putat,
1153 1546 1205 1599 quo
1217 1534 1345 1600 tempora,
1366 1529 1420 1582 imo
1437 1526 1521 1595 ἐξότε,
1540 1527 1585 1581 lioc

317 1603 325 1616 ⁰
423 1620 465 1668 ast
474 1621 646 1686 posteaquam
656 1613 775 1670 (lhristiis
785 1614 930 1670 Bethleemi
945 1620 1023 1668 natus
1040 1621 1093 1684 est,
1113 1615 1191 1685 idque
1207 1615 1256 1668 snb
1273 1614 1421 1668 Alexandro
1436 1615 1583 1684 contigisse,

423 1701 469 1772 qni
481 1707 628 1773 postremus
640 1717 675 1754 er
685 1701 781 1756 illustri
791 1717 822 1754 sc
832 1701 906 1771 regia
917 1701 962 1754 ills
972 1701 1073 1754 lumilia
1087 1701 1150 1766 fuit,
1166 1699 1275 1755 Herodis
1291 1705 1318 1753 et
1333 1699 1446 1769 Augusti
1466 1699 1585 1770 tempori·
1621 1721 1622 1728 ι

423 1787 482 1842 bus.
516 1786 589 1852 Quae
600 1787 689 1841 omnis
698 1787 849 1858 perturbata
860 1791 959 1840 suntet
975 1783 1148 1856 dicipulum
1181 1785 1270 1840 Placet
1286 1785 1374 1856 iisque
1388 1785 1519 1856 liquidam
1532 1785 1584 1838 ille

423 1887 483 1926 rum
493 1877 641 1944 temporum
652 1873 780 1926 rationem
790 1889 826 1926 ex
836 1871 946 1943 Iosepho
958 1873 1067 1942 aliisque
1080 1872 1208 1942 colligare.

491 1957 583 2012 Simon
593 1957 718 2012 Icnsthae
733 1974 765 2011 sc
779 1957 860 2012 iudae
874 1957 1042 2011 Macchabael
1058 1957 1138 2010 irater
1151 1957 1294 2012 Ptolemaei
1310 1956 1400 2027 generi
1414 1956 1520 2010 insidiis
1534 1971 1585 2010 nio·

422 2043 489 2097 ritur
498 2059 569 2097 anno
582 2043 740 2098 Graecorum
754 2043 810 2098 iti.
825 2043 838 2096 1
848 2043 949 2098 Maseli.
962 2059 1018 2114 cap.
1029 2059 1082 2106 xri,
1097 2043 1148 2106 lt,
1165 2043 1211 2112 qui
1221 2049 1248 2096 et
1258 2043 1407 2096 sabbaticus
1418 2049 1491 2108 esst,
1509 2059 1585 2112 quaii-

423 2143 503 2200 qusm
514 2127 640 2199 Iosephus
651 2145 720 2184 anno
731 2129 817 2200 priore
828 2129 855 2182 id
865 2129 991 2182 aecidims
1002 2127 1145 2199 significet,
1157 2127 1219 2182 dum
1229 2133 1289 2200 post
1300 2127 1414 2182 Simonis
1426 2127 1532 2181 obitum
1543 2143 1586 2180 sn·

423 2229 489 2267 num
500 2215 677 2281 sabbaticum‚
694 2221 722 2268 et
737 2215 843 2286 quidem
854 2213 924 2269 haud
935 2213 1058 2268 mediocri
1072 2213 1221 2279 intervallo,
1241 2214 1358 2284 coepisse
1369 2213 1459 2268 scribit
1469 2213 1520 2269 lib.
1532 2231 1585 2266 riu.
1622 2275 1623 2282 ρ

423 2315 481 2371 cap.
493 2317 537 2357 xv.
561 2300 632 2372 llrgo
644 2317 713 2355 anno
723 2300 824 2372 periodi
834 2300 951 2354 Iulianae
962 2299 1052 2365 ieie„
1068 2315 1159 2353 manse
1170 2317 1219 2364 xi,
1236 2299 1286 2353 hoc
1297 2305 1338 2352 est
1349 2297 1459 2364 Sebath‚
1472 2303 1587 2352 exeunte
1622 2357 1623 2366 ρ

422 2385 522 2440 miliaci
532 2384 631 2453 hieme,
641 2393 750 2441 necatus
762 2393 809 2442 est.
844 2385 943 2440 &dem
955 2401 1023 2440 anno
1034 2385 1159 2440 suecessit
1169 2385 1280 2438 Iosnnes
1290 2385 1426 2454 Hyrcanas
1438 2385 1499 2438 sius
1509 2385 1585 2440 lilius.

422 2471 473 2535 Qui
484 2471 589 2542 quidam
600 2489 661 2526 cum
672 2489 756 2526 anuos
767 2489 833 2528 xxxi
843 2472 1009 2542 imperasset,
1026 2471 1134 2526 moritur
1144 2471 1240 2524 relictis
1250 2487 1267 2522 v
1277 2471 1374 2525 liberie.
1397 2470 1524 2524 Sucoedit
1534 2471 1586 2524 Ari·

422 2558 542 2612 stabulos
552 2563 618 2611 natu
633 2559 779 2624 maximus,
799 2558 845 2630 qui
855 2558 955 2628 primns
967 2557 1069 2628 regioni
1081 2557 1132 2610 sibi
1143 2556 1263 2610 diadem
1279 2557 1391 2626 sumpsit
1403 2563 1431 2610 et
1446 2572 1520 2610 anno
1537 2573 1586 2610 une

422 2643 550 2712 regnarit
584 2642 641 2707 Quo
652 2649 755 2698 mortuo
766 2643 871 2698 Sslcme
882 2643 991 2708 coniux,
1012 2659 1091 2713 quam
1104 2641 1198 2696 Graeci
1212 2641 1387 2696 Alexandrem
1401 2648 1513 2706 vocant,
1532 2642 1586 2696 Ari·

422 2727 520 2780 stobuli
530 2728 636 2793 habas,
652 2745 719 2799 quos
727 2729 771 2782 ille
782 2729 810 2784 iii
821 2729 932 2782 uinculis
947 2728 1084 2793 habuerat,
1101 2728 1191 2791 solvit,
1209 2733 1236 2782 et
1246 2726 1388 2782 laniieenm
1398 2728 1587 2790 Alexandrum,

422 2813 468 2883 qui
487 2819 515 2866 et
529 2819 615 2868 aetate
630 2820 657 2867 et
672 2813 849 2868 moderatione
863 2815 1014 2886 praesistit
1028 2814 1150 2879 caeteris,
1172 2827 1262 2884 regem
1278 2814 1422 2866 constituit
1455 2813 1587 2883 Regnavit

421 2897 464 2952 liic
474 2913 557 2952 simos
568 2917 656 2964 xxvii,
675 2900 837 2970 moriturque
847 2901 941 2953 aetatis
953 2915 1021 2954 auno
1033 2917 1089 2967 τα,
1106 2899 1202 2954 relictis
1218 2915 1278 2953 cnm
1295 2915 1378 2953 uxore
1388 2899 1543 2953 Alexandra
1558 2899 1587 2952 li·

420 2983 490 3038 beris
503 2983 605 3038 duobus
616 2985 738 3054 Hyrcano
756 2991 784 3040 et
797 2985 956 3040 Aristobulo.
990 2986 1025 3039 At
1043 2985 1193 3040 Alexandra
1207 3001 1290 3040 annos
1301 3003 1330 3039 rx
1346 3001 1457 3055 reguum
1473 2985 1588 3038 admini-

420 3068 520 3124 strarit.
554 3069 618 3124 Post
627 3071 703 3124 cuius
714 3070 815 3125 obitum
826 3071 904 3125 ambo
916 3071 1009 3126 irenes
1025 3071 1064 3125 ita
1079 3071 1146 3125 inter
1157 3087 1186 3124 se
1203 3077 1390 3136 conuenerunt,
1407 3077 1436 3124 ut
1448 3071 1587 3140 llpresnus

420 3155 602 3227 pontificatum
610 3161 722 3222 teneret,
733 3155 901 3212 Aristobulus
909 3173 1027 3228 regnum.
1061 3157 1195 3226 Hyrcsnus
1204 3173 1337 3210 summam
1345 3155 1521 3210 sacerdotium
1530 3157 1588 3210 iniit

421 3240 495 3295 cess.
505 3241 644 3296 Ηοηοοιὶο
656 3247 682 3296 et
692 3243 813 3308 usone,
824 3243 870 3314 qni
881 3249 922 3297 est
933 3259 1017 3298 annus
1028 3241 1105 3296 Urbis
1122 3257 1238 3297 nonos.
1272 3241 1303 3295 ln
1320 3258 1398 3312 quem
1414 3243 1479 3296 enni
1491 3243 1534 3296 illi
1554 3258 1587 3296 ex

420 3326 531 3399 losephc
543 3328 697 3398 singillatim
705 3329 850 3384 enumerati
859 3327 989 3394 incidunt,
1001 3329 1024 3383 ii
1034 3345 1116 3382 nuum
1127 3327 1256 3382 duntaxat
1266 3345 1301 3382 ex
1311 3329 1343 3382 iis
1355 3325 1507 3381 inchoatum
1519 3329 1587 3382 acei-

420 3413 487 3483 pias.
520 3413 569 3467 list
586 3411 629 3468 hie
640 3429 725 3468 aniius
739 3431 794 3486 pes.
813 3413 929 3468 lulianae
948 3414 1037 3480 4645„
1057 3419 1118 3468 anto
1137 3415 1274 3485 uulgarem
1293 3413 1389 3468 Christi
1407 3413 1525 3467 natalem
1536 3413 1587 3478 68,

419 3497 535 3567 Augusti
545 3515 630 3552 aniius
640 3499 752 3570 primus,
768 3500 821 3553 sia
830 3499 890 3553 iulii
901 3499 1018 3553 Caesaris
1030 3515 1094 3552 nece
1108 3499 1256 3566 inchoetur,
1273 3499 1367 3554 suddit
1377 3515 1445 3552 anno
1460 3497 1492 3552 U.
1502 3513 1587 3564 ocos,

419 3581 521 3652 periodi
536 3583 653 3637 Iulianae
663 3583 739 3637 4670.
773 3583 882 3638 Herodis
898 3601 961 3638 raro
977 3585 1088 3655 primus,
1110 3601 1161 3656 quo
1182 3586 1280 3639 scilicet
1294 3601 1405 3656 regnum
1421 3599 1438 3636 a
1456 3583 1586 3638 Romanis

420 3673 576 3721 consecutus
585 3673 638 3734 cst,
657 3668 766 3722 incurrit
781 3669 809 3722 iii
825 3668 996 3723 Consulatum
1007 3669 1115 3724 Domitii
1129 3671 1232 3724 Caluini
1246 3677 1274 3724 et
1283 3671 1368 3724 Asinii
1378 3669 1516 3734 Pollionis,
1540 3671 1585 3740 qui

332 3781 354 3822 p,
363 3771 394 3814 st
420 3758 460 3806 cst
476 3753 511 3806 ab
527 3751 558 3807 U.
570 3752 790 3824 0.714.,ρυτίοδ.
805 3754 898 3810 Iulian.
916 3754 1006 3822 ieta,
1022 3757 1078 3810 sire
1095 3761 1125 3810 ut
1139 3757 1197 3822 alii,
1211 3757 1327 3828 Agrippa
1338 3761 1365 3809 et
1379 3754 1488 3809 Caninio
1498 3755 1586 3820 Coss,

419 3853 472 3909 quc
482 3853 552 3892 anno
563 3837 671 3909 pacifice
682 3853 792 3909 regnare
802 3841 901 3911 coepit,
920 3846 1012 3911 estque
1024 3840 1053 3895 U.
1064 3841 1092 3896 O.
1104 3841 1170 3908 tii,
1189 3841 1285 3912 period.
1298 3842 1390 3896 Iulian.
1411 3839 1501 3906 soti,
1521 3847 1587 3894 ante

419 3924 557 3994 vulgarem
575 3922 672 3978 Christi
687 3925 854 3979 nstslemdl.
895 3926 1069 3990 Quamobrem
1089 3927 1231 3981 Alexandri
1249 3927 1319 3980 illius
1340 3927 1426 3980 obitus
1445 3931 1486 3978 tot
1504 3929 1585 3980 annis

420 4007 515 4064 emoti
526 4014 626 4074 ortum,
637 4009 690 4065 imo
702 4015 729 4064 et
738 4011 853 4082 Augusti
863 4017 941 4082 atque
952 4012 1061 4066 lierodis
1072 4014 1210 4084 imperium
1227 4013 1378 4076 antecessit,
1396 4016 1486 4066 contra
1501 4027 1585 4080 quain

418 4093 580 4166 Epiphanius
590 4096 702 4166 scripsit.
736 4096 805 4150 Nam
814 4097 936 4150 immanis
954 4093 1132 4170 ιἰναχρονισρδς
1151 4099 1270 4153 imarciri
1286 4103 1417 4168 utcunque
1433 4097 1544 4168 poterit,
1561 4099 1585 4151 si

418 4181 511 4235 luxata
519 4178 584 4234 haec
595 4186 622 4234 et
632 4182 717 4236 alieno
727 4183 785 4236 loco
797 4183 885 4253 posita
894 4183 1004 4249 dixeris,
1021 4181 1087 4244 ἐξότε
1099 4182 1172 4244 αδτδς
1188 4191 1236 4240 etc.
1272 4183 1306 4237 Ut
1321 4185 1359 4237 its
1370 4183 1475 4238 omnino
1490 4183 1584 4252 legen·

418 4266 480 4320 dum
491 4265 538 4320 sits
573 4265 671 4320 ieme
683 4265 730 4338 γάρ
741 4266 757 4334 ἡ
771 4266 834 4329 τάξις
850 4266 917 4330 ἐξότε
929 4267 1002 4330 soei,
1014 4271 1125 4339 γεννᾶται
1136 4267 1160 4321 ἐν
1172 4267 1282 4340 Bilbeis
1293 4273 1335 4336 τῆς
1347 4266 1465 4328 Ἰουδαίας
1475 4264 1516 4320 lsi
1527 4272 1583 4330 τοῖς

417 4353 516 4421 χρόνοις
527 4351 641 4422 Ἡρώδου
651 4357 697 4404 τοῦ
709 4351 828 4421 βυωλέιος
836 4353 877 4405 sol
887 4351 1031 4424 Αὐγούστου
1043 4360 1087 4408 τοῦ
1099 4352 1230 4425 Ῥωμαίων
1245 4352 1432 4424 αὐτοκράτορος·
1467 4352 1507 4405 κοιλ
1521 4349 1583 4420 ἔστη

371 4479 375 4486 .
417 4433 457 4487 lxi
472 4434 632 4509 Ἀλεξάνδρου
647 4441 693 4490 τοῦ
704 4435 753 4489 ἀπὸ
764 4437 849 4506 γένους
859 4436 980 4509 ἱερατικοῦ
994 4439 1034 4492 καὶ
1051 4439 1177 4509 βασιλικοῦ
1192 4437 1234 4509 ἆρ’
1250 4433 1280 4493 οὗ
1296 4437 1455 4509 Ἀλεξάνδρου
1471 4437 1583 4492 διέπεσεν

418 4513 490 4582 οὗτος
501 4521 516 4574 δ
527 4521 631 4594 κλῆρος,
649 4520 699 4575 siah
709 4523 808 4594 χρόνιον
819 4523 896 4576 αὐτοῦ
907 4541 934 4576 τι
945 4523 986 4576 καλ
995 4524 1129 4590 hallece,
1146 4528 1188 4592 τῆς
1197 4524 1238 4577 καλ
1247 4523 1407 4596 Ἀλεξάνδρας
1416 4523 1581 4594 καλουμένης.

417 4603 445 4666 δς
457 4605 497 4658 καλ
509 4605 629 4679 διάδημα,
640 4615 690 4664 ete.
723 4609 778 4662 llac
789 4609 895 4679 quidem
904 4610 1004 4664 ratione
1016 4609 1103 4666 labem
1110 4612 1182 4664 illam
1190 4611 1304 4680 priorem
1312 4611 1480 4674 evitabimus,
1490 4626 1581 4680 nequa

417 4691 559 4746 atessam
574 4694 676 4748 exitum
691 4710 752 4748 cum
767 4693 864 4749 Christi
878 4701 938 4750 ortu
954 4695 1141 4766 copulabimus.
1175 4697 1272 4752 Verum
1282 4696 1342 4752 huic
1353 4697 1516 4752 coniecturae
1531 4713 1580 4751 nc·

417 4783 486 4832 sose
501 4793 555 4834 nou
569 4779 711 4834 admodum
728 4779 892 4836 confidimus.
927 4780 1028 4854 Quippe
1048 4783 1076 4837 in
1092 4781 1194 4837 haered
1208 4801 1244 4840 ir.
1261 4783 1352 4838 οοδοιο
1367 4797 1434 4854 peno
1452 4780 1580 4838 historiae

418 4863 536 4934 σύγχυσις
546 4865 581 4919 ab
591 4865 735 4939 Epiphsnio
745 4867 863 4938 repetita.
896 4866 970 4934 Quae
981 4873 1149 4941 utpostreuio
1160 4869 1315 4943 cub’ganda
1325 4869 1454 4936 rideatur,
1466 4867 1578 4924 illudts·
