<?xml version="1.0" encoding="UTF-8"?>
<!DOCTYPE html PUBLIC "-//W3C//DTD XHTML 1.0 Transitional//EN"
    "http://www.w3.org/TR/xhtml1/DTD/xhtml1-transitional.dtd">
<html xmlns="http://www.w3.org/1999/xhtml" xml:lang="en" lang="en">
 <head>
  <title>
</title>
<meta http-equiv="Content-Type" content="text/html;charset=utf-8" />
  <meta name='ocr-system' content='tesseract 3.04.00' />
  <meta name='ocr-capabilities' content='ocr_page ocr_carea ocr_par ocr_line ocrx_word'/>
</head>
<body>
  <div class='ocr_page' id='page_1' title='image "./sepiphaniiepisc00epipgoog_0335.png"; bbox 0 0 3650 5642; ppageno 0'>
   <div class='ocr_carea' id='block_1_1' title="bbox 1235 619 1386 673">
    <p class='ocr_par' dir='ltr' id='par_1_1' title="bbox 1235 619 1386 673">
     <span class='ocr_line' id='line_1_1' title="bbox 1235 619 1386 673; baseline -0.013 -1"><span class='ocrx_word' id='word_1_1' title='bbox 1235 619 1386 673; x_wconf 75' lang='lat' dir='ltr'><strong>cccxxln</strong></span> 
     </span>
    </p>
   </div>
   <div class='ocr_carea' id='block_1_2' title="bbox 230 790 1494 4950">
    <p class='ocr_par' dir='ltr' id='par_1_2' title="bbox 230 790 1494 4950">
     <span class='ocr_line' id='line_1_2' title="bbox 230 790 1388 862; baseline -0.003 -16"><span class='ocrx_word' id='word_1_2' title='bbox 230 795 315 846; x_wconf 83' lang='lat' dir='ltr'><strong>cellam</strong></span> <span class='ocrx_word' id='word_1_3' title='bbox 335 793 562 862; x_wconf 73' lang='lat' dir='ltr'><strong>calamitatemque</strong></span> <span class='ocrx_word' id='word_1_4' title='bbox 579 793 683 856; x_wconf 80' lang='lat' dir='ltr'><strong>referri,</strong></span> <span class='ocrx_word' id='word_1_5' title='bbox 701 791 803 862; x_wconf 86' lang='lat' dir='ltr'><strong>quando</strong></span> <span class='ocrx_word' id='word_1_6' title='bbox 822 791 855 844; x_wconf 91' lang='lat' dir='ltr'><strong>ob</strong></span> <span class='ocrx_word' id='word_1_7' title='bbox 873 790 988 860; x_wconf 80' lang='lat' dir='ltr'><strong>dejectas</strong></span> <span class='ocrx_word' id='word_1_8' title='bbox 1001 791 1119 860; x_wconf 85' lang='lat' dir='ltr'><strong>populari</strong></span> <span class='ocrx_word' id='word_1_9' title='bbox 1131 790 1257 844; x_wconf 86' lang='lat' dir='ltr'><strong>seditione</strong></span> <span class='ocrx_word' id='word_1_10' title='bbox 1269 790 1388 842; x_wconf 83' lang='lat' dir='ltr'><strong>Plaoillac</strong></span> 
     </span>
     <span class='ocr_line' id='line_1_3' title="bbox 231 873 1400 947; baseline -0.002 -17"><span class='ocrx_word' id='word_1_11' title='bbox 231 886 323 930; x_wconf 83' lang='lat' dir='ltr'><strong>statuas</strong></span> <span class='ocrx_word' id='word_1_12' title='bbox 336 882 503 931; x_wconf 80' lang='lat' dir='ltr'><strong>exulceratus</strong></span> <span class='ocrx_word' id='word_1_13' title='bbox 521 878 684 947; x_wconf 85' lang='lat' dir='ltr'><strong>imperatoris</strong></span> <span class='ocrx_word' id='word_1_14' title='bbox 702 878 806 929; x_wconf 85' lang='lat' dir='ltr'><strong>animus</strong></span> <span class='ocrx_word' id='word_1_15' title='bbox 825 883 851 928; x_wconf 85' lang='lat' dir='ltr'><strong>et</strong></span> <span class='ocrx_word' id='word_1_16' title='bbox 863 877 895 928; x_wconf 88' lang='lat' dir='ltr'><strong>ad</strong></span> <span class='ocrx_word' id='word_1_17' title='bbox 909 875 1089 928; x_wconf 82' lang='lat' dir='ltr'><strong>vindicandam</strong></span> <span class='ocrx_word' id='word_1_18' title='bbox 1107 875 1271 945; x_wconf 85' lang='lat' dir='ltr'><strong>majestatem</strong></span> <span class='ocrx_word' id='word_1_19' title='bbox 1288 873 1400 928; x_wconf 80' lang='lat' dir='ltr'><strong>iollam·</strong></span> 
     </span>
     <span class='ocr_line' id='line_1_4' title="bbox 233 959 1389 1033; baseline -0.002 -19"><span class='ocrx_word' id='word_1_20' title='bbox 233 972 311 1014; x_wconf 86' lang='lat' dir='ltr'><strong>matus</strong></span> <span class='ocrx_word' id='word_1_21' title='bbox 330 963 451 1016; x_wconf 75' lang='lat' dir='ltr'><strong>Flaviani</strong></span> <span class='ocrx_word' id='word_1_22' title='bbox 469 963 596 1033; x_wconf 86' lang='lat' dir='ltr'><strong>praesulis</strong></span> <span class='ocrx_word' id='word_1_23' title='bbox 613 963 743 1032; x_wconf 79' lang='lat' dir='ltr'><strong>legatione</strong></span> <span class='ocrx_word' id='word_1_24' title='bbox 761 962 895 1030; x_wconf 83' lang='lat' dir='ltr'><strong>mitigatus</strong></span> <span class='ocrx_word' id='word_1_25' title='bbox 908 967 955 1013; x_wconf 89' lang='lat' dir='ltr'><strong>est.</strong></span> <span class='ocrx_word' id='word_1_26' title='bbox 991 959 1041 1012; x_wconf 86' lang='lat' dir='ltr'><strong>Sed</strong></span> <span class='ocrx_word' id='word_1_27' title='bbox 1060 977 1107 1014; x_wconf 90' lang='lat' dir='ltr'><strong>nos</strong></span> <span class='ocrx_word' id='word_1_28' title='bbox 1120 961 1272 1014; x_wconf 85' lang='lat' dir='ltr'><strong>necessariis</strong></span> <span class='ocrx_word' id='word_1_29' title='bbox 1285 961 1389 1029; x_wconf 87' lang='lat' dir='ltr'><strong>quihus·</strong></span> 
     </span>
     <span class='ocr_line' id='line_1_5' title="bbox 233 1045 1387 1116; baseline -0.002 -18"><span class='ocrx_word' id='word_1_30' title='bbox 233 1049 284 1099; x_wconf 87' lang='lat' dir='ltr'><strong>dam</strong></span> <span class='ocrx_word' id='word_1_31' title='bbox 302 1050 449 1102; x_wconf 88' lang='lat' dir='ltr'><strong>rationibus</strong></span> <span class='ocrx_word' id='word_1_32' title='bbox 467 1049 493 1100; x_wconf 92' lang='lat' dir='ltr'><strong>in</strong></span> <span class='ocrx_word' id='word_1_33' title='bbox 507 1046 691 1101; x_wconf 87' lang='lat' dir='ltr'><strong>Themistianis</strong></span> <span class='ocrx_word' id='word_1_34' title='bbox 709 1047 778 1100; x_wconf 90' lang='lat' dir='ltr'><strong>notis</strong></span> <span class='ocrx_word' id='word_1_35' title='bbox 791 1046 961 1108; x_wconf 74' lang='lat' dir='ltr'><strong>ostendimus,</strong></span> <span class='ocrx_word' id='word_1_36' title='bbox 979 1045 1030 1097; x_wconf 84' lang='lat' dir='ltr'><strong>alio</strong></span> <span class='ocrx_word' id='word_1_37' title='bbox 1044 1061 1122 1116; x_wconf 86' lang='lat' dir='ltr'><strong>quam</strong></span> <span class='ocrx_word' id='word_1_38' title='bbox 1135 1045 1167 1098; x_wconf 88' lang='lat' dir='ltr'><strong>ad</strong></span> <span class='ocrx_word' id='word_1_39' title='bbox 1180 1045 1387 1098; x_wconf 84' lang='lat' dir='ltr'><strong>Theodosiennm</strong></span> 
     </span>
     <span class='ocr_line' id='line_1_6' title="bbox 232 1130 1390 1203; baseline 0 -21"><span class='ocrx_word' id='word_1_40' title='bbox 232 1132 288 1183; x_wconf 88' lang='lat' dir='ltr'><strong>illud</strong></span> <span class='ocrx_word' id='word_1_41' title='bbox 305 1133 408 1185; x_wconf 82' lang='lat' dir='ltr'><strong>iactum</strong></span> <span class='ocrx_word' id='word_1_42' title='bbox 426 1144 543 1203; x_wconf 87' lang='lat' dir='ltr'><strong>spectare</strong></span> <span class='ocrx_word' id='word_1_43' title='bbox 555 1131 735 1196; x_wconf 83' lang='lat' dir='ltr'><strong>Themistinm,</strong></span> <span class='ocrx_word' id='word_1_44' title='bbox 753 1148 837 1200; x_wconf 90' lang='lat' dir='ltr'><strong>neque</strong></span> <span class='ocrx_word' id='word_1_45' title='bbox 855 1140 943 1183; x_wconf 88' lang='lat' dir='ltr'><strong>tamen</strong></span> <span class='ocrx_word' id='word_1_46' title='bbox 961 1130 1107 1201; x_wconf 90' lang='lat' dir='ltr'><strong>cujusmodi</strong></span> <span class='ocrx_word' id='word_1_47' title='bbox 1118 1131 1219 1184; x_wconf 84' lang='lat' dir='ltr'><strong>isoinus</strong></span> <span class='ocrx_word' id='word_1_48' title='bbox 1231 1130 1296 1182; x_wconf 89' lang='lat' dir='ltr'><strong>illud</strong></span> <span class='ocrx_word' id='word_1_49' title='bbox 1314 1137 1390 1194; x_wconf 86' lang='lat' dir='ltr'><strong>osset,</strong></span> 
     </span>
     <span class='ocr_line' id='line_1_7' title="bbox 234 1215 1392 1288; baseline -0.001 -21"><span class='ocrx_word' id='word_1_50' title='bbox 234 1219 355 1270; x_wconf 79' lang='lat' dir='ltr'><strong>extricare</strong></span> <span class='ocrx_word' id='word_1_51' title='bbox 374 1225 430 1271; x_wconf 89' lang='lat' dir='ltr'><strong>tum</strong></span> <span class='ocrx_word' id='word_1_52' title='bbox 449 1219 589 1288; x_wconf 86' lang='lat' dir='ltr'><strong>potuimus.</strong></span> <span class='ocrx_word' id='word_1_53' title='bbox 625 1217 709 1280; x_wconf 85' lang='lat' dir='ltr'><strong>Quare</strong></span> <span class='ocrx_word' id='word_1_54' title='bbox 727 1219 763 1270; x_wconf 90' lang='lat' dir='ltr'><strong>ita</strong></span> <span class='ocrx_word' id='word_1_55' title='bbox 781 1217 982 1286; x_wconf 86' lang='lat' dir='ltr'><strong>disputationem</strong></span> <span class='ocrx_word' id='word_1_56' title='bbox 1005 1217 1160 1270; x_wconf 88' lang='lat' dir='ltr'><strong>clausimus:</strong></span> <span class='ocrx_word' id='word_1_57' title='bbox 1187 1215 1292 1270; x_wconf 79' lang='lat' dir='ltr'><strong>Habent</strong></span> <span class='ocrx_word' id='word_1_58' title='bbox 1312 1219 1392 1284; x_wconf 76' lang='lat' dir='ltr'><strong>ipitnr</strong></span> 
     </span>
     <span class='ocr_line' id='line_1_8' title="bbox 234 1303 1392 1372; baseline -0.001 -20"><span class='ocrx_word' id='word_1_59' title='bbox 234 1305 319 1354; x_wconf 78' lang='lat' dir='ltr'><strong>eruditi</strong></span> <span class='ocrx_word' id='word_1_60' title='bbox 341 1307 396 1354; x_wconf 78' lang='lat' dir='ltr'><strong>siri</strong></span> <span class='ocrx_word' id='word_1_61' title='bbox 418 1315 491 1372; x_wconf 85' lang='lat' dir='ltr'><strong>atque</strong></span> <span class='ocrx_word' id='word_1_62' title='bbox 514 1304 636 1356; x_wconf 82' lang='lat' dir='ltr'><strong>historiae</strong></span> <span class='ocrx_word' id='word_1_63' title='bbox 653 1305 767 1366; x_wconf 86' lang='lat' dir='ltr'><strong>studiosi,</strong></span> <span class='ocrx_word' id='word_1_64' title='bbox 793 1307 820 1354; x_wconf 85' lang='grc' dir='ltr'><strong>ιἰι</strong></span> <span class='ocrx_word' id='word_1_65' title='bbox 837 1322 883 1370; x_wconf 86' lang='lat' dir='ltr'><strong>qno</strong></span> <span class='ocrx_word' id='word_1_66' title='bbox 901 1303 1043 1369; x_wconf 80' lang='lat' dir='ltr'><strong>quaerendo</strong></span> <span class='ocrx_word' id='word_1_67' title='bbox 1062 1311 1135 1370; x_wconf 86' lang='lat' dir='ltr'><strong>alque</strong></span> <span class='ocrx_word' id='word_1_68' title='bbox 1152 1303 1306 1354; x_wconf 83' lang='lat' dir='ltr'><strong>enucleando</strong></span> <span class='ocrx_word' id='word_1_69' title='bbox 1323 1305 1392 1369; x_wconf 80' lang='lat' dir='ltr'><strong>inps·</strong></span> 
     </span>
     <span class='ocr_line' id='line_1_9' title="bbox 236 1385 1392 1452; baseline 0.002 -16"><span class='ocrx_word' id='word_1_70' title='bbox 236 1393 292 1438; x_wconf 72' lang='lat' dir='ltr'><strong>nisa</strong></span> <span class='ocrx_word' id='word_1_71' title='bbox 317 1408 390 1439; x_wconf 81' lang='lat' dir='ltr'><strong>sunm</strong></span> <span class='ocrx_word' id='word_1_72' title='bbox 414 1400 555 1440; x_wconf 75' lang='lat' dir='ltr'><strong>exerceant.</strong></span> <span class='ocrx_word' id='word_1_73' title='bbox 591 1387 665 1452; x_wconf 83' lang='lat' dir='ltr'><strong>Quod</strong></span> <span class='ocrx_word' id='word_1_74' title='bbox 688 1403 751 1439; x_wconf 82' lang='lat' dir='ltr'><strong>sane</strong></span> <span class='ocrx_word' id='word_1_75' title='bbox 776 1387 868 1438; x_wconf 76' lang='lat' dir='ltr'><strong>medio</strong></span> <span class='ocrx_word' id='word_1_76' title='bbox 886 1394 942 1438; x_wconf 90' lang='lat' dir='ltr'><strong>tum</strong></span> <span class='ocrx_word' id='word_1_77' title='bbox 965 1404 981 1438; x_wconf 84' lang='lat' dir='ltr'><strong>a</strong></span> <span class='ocrx_word' id='word_1_78' title='bbox 1007 1386 1082 1438; x_wconf 89' lang='lat' dir='ltr'><strong>nobis</strong></span> <span class='ocrx_word' id='word_1_79' title='bbox 1100 1391 1141 1438; x_wconf 85' lang='lat' dir='ltr'><strong>est</strong></span> <span class='ocrx_word' id='word_1_80' title='bbox 1156 1385 1264 1438; x_wconf 83' lang='lat' dir='ltr'><strong>iactum.</strong></span> <span class='ocrx_word' id='word_1_81' title='bbox 1298 1385 1392 1438; x_wconf 87' lang='lat' dir='ltr'><strong>Postea</strong></span> 
     </span>
     <span class='ocr_line' id='line_1_10' title="bbox 236 1469 1390 1542; baseline 0 -18"><span class='ocrx_word' id='word_1_82' title='bbox 236 1489 287 1524; x_wconf 78' lang='lat' dir='ltr'><strong>sero</strong></span> <span class='ocrx_word' id='word_1_83' title='bbox 305 1473 370 1526; x_wconf 91' lang='lat' dir='ltr'><strong>dum</strong></span> <span class='ocrx_word' id='word_1_84' title='bbox 389 1473 570 1542; x_wconf 73' lang='lat' dir='ltr'><strong>chrysostomi</strong></span> <span class='ocrx_word' id='word_1_85' title='bbox 587 1473 710 1526; x_wconf 79' lang='lat' dir='ltr'><strong>Homxx</strong></span> <span class='ocrx_word' id='word_1_86' title='bbox 737 1471 769 1524; x_wconf 86' lang='lat' dir='ltr'><strong>ad</strong></span> <span class='ocrx_word' id='word_1_87' title='bbox 788 1471 915 1541; x_wconf 85' lang='lat' dir='ltr'><strong>Populum</strong></span> <span class='ocrx_word' id='word_1_88' title='bbox 935 1469 1122 1524; x_wconf 76' lang='lat' dir='ltr'><strong>Antiochenam</strong></span> <span class='ocrx_word' id='word_1_89' title='bbox 1150 1471 1332 1540; x_wconf 88' lang='lat' dir='ltr'><strong>percurrimus,</strong></span> <span class='ocrx_word' id='word_1_90' title='bbox 1364 1472 1390 1524; x_wconf 90' lang='lat' dir='ltr'><strong>in</strong></span> 
     </span>
     <span class='ocr_line' id='line_1_11' title="bbox 235 1555 1392 1628; baseline 0.002 -19"><span class='ocrx_word' id='word_1_91' title='bbox 235 1573 280 1625; x_wconf 87' lang='lat' dir='ltr'><strong>qna</strong></span> <span class='ocrx_word' id='word_1_92' title='bbox 303 1557 336 1611; x_wconf 87' lang='lat' dir='ltr'><strong>de</strong></span> <span class='ocrx_word' id='word_1_93' title='bbox 354 1558 474 1611; x_wconf 79' lang='lat' dir='ltr'><strong>Flaviani</strong></span> <span class='ocrx_word' id='word_1_94' title='bbox 490 1559 622 1628; x_wconf 81' lang='lat' dir='ltr'><strong>legatione</strong></span> <span class='ocrx_word' id='word_1_95' title='bbox 648 1566 675 1611; x_wconf 90' lang='lat' dir='ltr'><strong>et</strong></span> <span class='ocrx_word' id='word_1_96' title='bbox 690 1558 829 1626; x_wconf 86' lang='lat' dir='ltr'><strong>impetrata</strong></span> <span class='ocrx_word' id='word_1_97' title='bbox 854 1557 887 1608; x_wconf 88' lang='lat' dir='ltr'><strong>ab</strong></span> <span class='ocrx_word' id='word_1_98' title='bbox 914 1557 1004 1626; x_wconf 89' lang='lat' dir='ltr'><strong>imper.</strong></span> <span class='ocrx_word' id='word_1_99' title='bbox 1024 1555 1099 1608; x_wconf 82' lang='lat' dir='ltr'><strong>venia</strong></span> <span class='ocrx_word' id='word_1_100' title='bbox 1121 1556 1278 1626; x_wconf 85' lang='lat' dir='ltr'><strong>gratulatur,</strong></span> <span class='ocrx_word' id='word_1_101' title='bbox 1306 1572 1392 1610; x_wconf 86' lang='lat' dir='ltr'><strong>verum</strong></span> 
     </span>
     <span class='ocr_line' id='line_1_12' title="bbox 235 1641 1392 1712; baseline 0.003 -20"><span class='ocrx_word' id='word_1_102' title='bbox 235 1642 422 1696; x_wconf 86' lang='lat' dir='ltr'><strong>Themistianae</strong></span> <span class='ocrx_word' id='word_1_103' title='bbox 438 1644 508 1696; x_wconf 89' lang='lat' dir='ltr'><strong>illine</strong></span> <span class='ocrx_word' id='word_1_104' title='bbox 521 1643 645 1695; x_wconf 89' lang='lat' dir='ltr'><strong>orationis</strong></span> <span class='ocrx_word' id='word_1_105' title='bbox 657 1642 792 1695; x_wconf 78' lang='lat' dir='ltr'><strong>historiam</strong></span> <span class='ocrx_word' id='word_1_106' title='bbox 804 1647 834 1699; x_wconf 82' lang='lat' dir='ltr'><strong>et</strong></span> <span class='ocrx_word' id='word_1_107' title='bbox 842 1641 991 1709; x_wconf 84' lang='lat' dir='ltr'><strong>argumenti</strong></span> <span class='ocrx_word' id='word_1_108' title='bbox 1011 1656 1140 1693; x_wconf 86' lang='lat' dir='ltr'><strong>summam</strong></span> <span class='ocrx_word' id='word_1_109' title='bbox 1160 1658 1213 1694; x_wconf 93' lang='lat' dir='ltr'><strong>non</strong></span> <span class='ocrx_word' id='word_1_110' title='bbox 1225 1642 1281 1694; x_wconf 90' lang='lat' dir='ltr'><strong>sine</strong></span> <span class='ocrx_word' id='word_1_111' title='bbox 1292 1643 1392 1712; x_wconf 86' lang='lat' dir='ltr'><strong>ingenti</strong></span> 
     </span>
     <span class='ocr_line' id='line_1_13' title="bbox 236 1724 1393 1798; baseline 0.003 -21"><span class='ocrx_word' id='word_1_112' title='bbox 236 1727 308 1780; x_wconf 89' lang='lat' dir='ltr'><strong>sniroi</strong></span> <span class='ocrx_word' id='word_1_113' title='bbox 333 1728 422 1780; x_wconf 77' lang='lat' dir='ltr'><strong>fructu</strong></span> <span class='ocrx_word' id='word_1_114' title='bbox 451 1745 482 1780; x_wconf 90' lang='lat' dir='ltr'><strong>ac</strong></span> <span class='ocrx_word' id='word_1_115' title='bbox 507 1729 640 1798; x_wconf 81' lang='lat' dir='ltr'><strong>voluptate</strong></span> <span class='ocrx_word' id='word_1_116' title='bbox 666 1728 811 1780; x_wconf 89' lang='lat' dir='ltr'><strong>didicimus.</strong></span> <span class='ocrx_word' id='word_1_117' title='bbox 847 1726 911 1779; x_wconf 79' lang='lat' dir='ltr'><strong>(lum</strong></span> <span class='ocrx_word' id='word_1_118' title='bbox 939 1725 1009 1779; x_wconf 92' lang='lat' dir='ltr'><strong>euim</strong></span> <span class='ocrx_word' id='word_1_119' title='bbox 1034 1724 1149 1778; x_wconf 87' lang='lat' dir='ltr'><strong>habitam</strong></span> <span class='ocrx_word' id='word_1_120' title='bbox 1177 1743 1194 1778; x_wconf 86' lang='lat' dir='ltr'><strong>a</strong></span> <span class='ocrx_word' id='word_1_121' title='bbox 1211 1725 1333 1780; x_wconf 81' lang='lat' dir='ltr'><strong>Flaviano</strong></span> <span class='ocrx_word' id='word_1_122' title='bbox 1360 1727 1393 1780; x_wconf 84' lang='lat' dir='ltr'><strong>ad</strong></span> 
     </span>
     <span class='ocr_line' id='line_1_14' title="bbox 237 1811 1393 1882; baseline 0.003 -20"><span class='ocrx_word' id='word_1_123' title='bbox 237 1813 406 1866; x_wconf 81' lang='lat' dir='ltr'><strong>Theodosium</strong></span> <span class='ocrx_word' id='word_1_124' title='bbox 424 1815 568 1865; x_wconf 85' lang='lat' dir='ltr'><strong>orationem</strong></span> <span class='ocrx_word' id='word_1_125' title='bbox 587 1830 617 1864; x_wconf 88' lang='lat' dir='ltr'><strong>ac</strong></span> <span class='ocrx_word' id='word_1_126' title='bbox 635 1813 841 1882; x_wconf 85' lang='lat' dir='ltr'><strong>deprecationem</strong></span> <span class='ocrx_word' id='word_1_127' title='bbox 867 1811 994 1880; x_wconf 84' lang='lat' dir='ltr'><strong>explieat,</strong></span> <span class='ocrx_word' id='word_1_128' title='bbox 1019 1811 1057 1863; x_wconf 91' lang='lat' dir='ltr'><strong>sic</strong></span> <span class='ocrx_word' id='word_1_129' title='bbox 1075 1829 1135 1864; x_wconf 92' lang='lat' dir='ltr'><strong>eum</strong></span> <span class='ocrx_word' id='word_1_130' title='bbox 1153 1812 1219 1864; x_wconf 89' lang='lat' dir='ltr'><strong>inter</strong></span> <span class='ocrx_word' id='word_1_131' title='bbox 1236 1819 1340 1864; x_wconf 83' lang='lat' dir='ltr'><strong>caetera</strong></span> <span class='ocrx_word' id='word_1_132' title='bbox 1357 1814 1393 1866; x_wconf 92' lang='lat' dir='ltr'><strong>lo·</strong></span> 
     </span>
     <span class='ocr_line' id='line_1_15' title="bbox 237 1893 1394 1968; baseline 0 -20"><span class='ocrx_word' id='word_1_133' title='bbox 237 1907 350 1964; x_wconf 87' lang='lat' dir='ltr'><strong>quentem</strong></span> <span class='ocrx_word' id='word_1_134' title='bbox 362 1897 474 1951; x_wconf 79' lang='lat' dir='ltr'><strong>inducit:</strong></span> <span class='ocrx_word' id='word_1_135' title='bbox 494 1897 539 1949; x_wconf 71' lang='grc' dir='ltr'><strong>Καὶ</strong></span> <span class='ocrx_word' id='word_1_136' title='bbox 551 1897 573 1948; x_wconf 84' lang='grc' dir='ltr'><strong>τί</strong></span> <span class='ocrx_word' id='word_1_137' title='bbox 585 1897 634 1968; x_wconf 75' lang='grc' dir='ltr'><strong>χρὴ</strong></span> <span class='ocrx_word' id='word_1_138' title='bbox 652 1897 729 1968; x_wconf 76' lang='grc' dir='ltr'>λέγειν</span> <span class='ocrx_word' id='word_1_139' title='bbox 748 1897 939 1962; x_wconf 81' lang='grc' dir='ltr'>Κωνσταντῑνον,</span> <span class='ocrx_word' id='word_1_140' title='bbox 958 1895 998 1946; x_wconf 72' lang='grc' dir='ltr'><strong>καί</strong></span> <span class='ocrx_word' id='word_1_141' title='bbox 1015 1893 1046 1948; x_wconf 73' lang='grc' dir='ltr'><strong>τί</strong></span> <span class='ocrx_word' id='word_1_142' title='bbox 1063 1893 1182 1965; x_wconf 78' lang='grc' dir='ltr'>ἀλλότρια</span> <span class='ocrx_word' id='word_1_143' title='bbox 1199 1895 1394 1967; x_wconf 75' lang='grc' dir='ltr'>παραδείγματα,</span> 
     </span>
     <span class='ocr_line' id='line_1_16' title="bbox 239 1978 1395 2053; baseline 0.003 -22"><span class='ocrx_word' id='word_1_144' title='bbox 239 1982 285 2032; x_wconf 68' lang='grc' dir='ltr'>θέον</span> <span class='ocrx_word' id='word_1_145' title='bbox 302 1981 398 2035; x_wconf 78' lang='grc' dir='ltr'>οἴκοθέν</span> <span class='ocrx_word' id='word_1_146' title='bbox 415 2000 442 2034; x_wconf 86' lang='grc' dir='ltr'>σε</span> <span class='ocrx_word' id='word_1_147' title='bbox 460 1982 500 2033; x_wconf 84' lang='grc' dir='ltr'><strong>καλ</strong></span> <span class='ocrx_word' id='word_1_148' title='bbox 512 1981 538 2034; x_wconf 82' lang='grc' dir='ltr'><strong>ἐκ</strong></span> <span class='ocrx_word' id='word_1_149' title='bbox 556 1985 605 2034; x_wconf 85' lang='grc' dir='ltr'><strong>τῶν</strong></span> <span class='ocrx_word' id='word_1_150' title='bbox 624 1985 674 2034; x_wconf 82' lang='grc' dir='ltr'><strong>σῶν</strong></span> <span class='ocrx_word' id='word_1_151' title='bbox 693 1981 842 2052; x_wconf 71' lang='grc' dir='ltr'>παρακαλεῖν</span> <span class='ocrx_word' id='word_1_152' title='bbox 861 1978 1082 2050; x_wconf 65' lang='grc' dir='ltr'>κατωρθωμίιτωνγ</span> <span class='ocrx_word' id='word_1_153' title='bbox 1106 1981 1226 2052; x_wconf 76' lang='grc' dir='ltr'>μέμνησαι</span> <span class='ocrx_word' id='word_1_154' title='bbox 1244 1982 1337 2053; x_wconf 77' lang='grc' dir='ltr'>πρώην,</span> <span class='ocrx_word' id='word_1_155' title='bbox 1356 1980 1395 2036; x_wconf 76' lang='grc' dir='ltr'>ὅτε</span> 
     </span>
     <span class='ocr_line' id='line_1_17' title="bbox 239 2063 1494 2137; baseline 0.001 -20"><span class='ocrx_word' id='word_1_156' title='bbox 239 2070 273 2130; x_wconf 69' lang='grc' dir='ltr'><strong>τῆς</strong></span> <span class='ocrx_word' id='word_1_157' title='bbox 282 2065 365 2135; x_wconf 73' lang='grc' dir='ltr'>ἑορτῆς</span> <span class='ocrx_word' id='word_1_158' title='bbox 375 2069 464 2132; x_wconf 77' lang='grc' dir='ltr'>ταύτης</span> <span class='ocrx_word' id='word_1_159' title='bbox 470 2065 791 2134; x_wconf 74' lang='grc' dir='ltr'>καταλαβούσηςέπιστολὴν</span> <span class='ocrx_word' id='word_1_160' title='bbox 798 2063 906 2137; x_wconf 70' lang='grc' dir='ltr'>ἔπεμψας</span> <span class='ocrx_word' id='word_1_161' title='bbox 912 2069 1087 2136; x_wconf 73' lang='grc' dir='ltr'>πανταχοῦτῆς</span> <span class='ocrx_word' id='word_1_162' title='bbox 1098 2063 1238 2136; x_wconf 76' lang='grc' dir='ltr'>οἰκουμένης</span> <span class='ocrx_word' id='word_1_163' title='bbox 1248 2065 1392 2120; x_wconf 76' lang='grc' dir='ltr'>κελεύουσαν</span> <span class='ocrx_word' id='word_1_164' title='bbox 1419 2099 1439 2137; x_wconf 78' lang='lat'><strong>1¹·</strong></span> <span class='ocrx_word' id='word_1_165' title='bbox 1452 2095 1494 2134; x_wconf 46' lang='grc' dir='ltr'><strong>κγ,</strong></span> 
     </span>
     <span class='ocr_line' id='line_1_18' title="bbox 241 2149 1395 2222; baseline 0.005 -23"><span class='ocrx_word' id='word_1_166' title='bbox 241 2151 289 2211; x_wconf 68' lang='grc' dir='ltr'>τους</span> <span class='ocrx_word' id='word_1_167' title='bbox 305 2153 334 2203; x_wconf 80' lang='lat' dir='ltr'><strong>rh</strong></span> <span class='ocrx_word' id='word_1_168' title='bbox 353 2151 521 2222; x_wconf 73' lang='grc' dir='ltr'>δεσμωτήριον</span> <span class='ocrx_word' id='word_1_169' title='bbox 534 2149 660 2212; x_wconf 83' lang='grc' dir='ltr'>οἰκοῦντας</span> <span class='ocrx_word' id='word_1_170' title='bbox 672 2151 773 2219; x_wconf 74' lang='grc' dir='ltr'>οἰρεῑναι,</span> <span class='ocrx_word' id='word_1_171' title='bbox 787 2152 826 2202; x_wconf 81' lang='grc' dir='ltr'><strong>καί</strong></span> <span class='ocrx_word' id='word_1_172' title='bbox 839 2155 976 2222; x_wconf 72' lang='grc' dir='ltr'>συγχωρεῖν</span> <span class='ocrx_word' id='word_1_173' title='bbox 992 2151 1074 2211; x_wconf 77' lang='grc' dir='ltr'>αὐτοῖς</span> <span class='ocrx_word' id='word_1_174' title='bbox 1084 2149 1114 2202; x_wconf 76' lang='grc' dir='ltr'><strong>τὰ</strong></span> <span class='ocrx_word' id='word_1_175' title='bbox 1131 2149 1283 2222; x_wconf 75' lang='grc' dir='ltr'>ἐγκλήματα,</span> <span class='ocrx_word' id='word_1_176' title='bbox 1302 2153 1349 2218; x_wconf 83' lang='grc' dir='ltr'>καλ,</span> <span class='ocrx_word' id='word_1_177' title='bbox 1361 2151 1395 2216; x_wconf 76' lang='grc' dir='ltr'><strong>ὡς</strong></span> 
     </span>
     <span class='ocr_line' id='line_1_19' title="bbox 241 2233 1395 2310; baseline 0.005 -26"><span class='ocrx_word' id='word_1_178' title='bbox 241 2235 278 2286; x_wconf 67' lang='grc' dir='ltr'><strong>οὖα</strong></span> <span class='ocrx_word' id='word_1_179' title='bbox 294 2235 434 2307; x_wconf 70' lang='grc' dir='ltr'>ἀρκούντων</span> <span class='ocrx_word' id='word_1_180' title='bbox 452 2234 556 2301; x_wconf 79' lang='grc' dir='ltr'>ἐκείνων,</span> <span class='ocrx_word' id='word_1_181' title='bbox 581 2237 655 2298; x_wconf 80' lang='grc' dir='ltr'>δεῖξαί</span> <span class='ocrx_word' id='word_1_182' title='bbox 673 2257 717 2289; x_wconf 90' lang='grc' dir='ltr'><strong>σου</strong></span> <span class='ocrx_word' id='word_1_183' title='bbox 740 2236 782 2303; x_wconf 78' lang='grc' dir='ltr'><strong>τὴν</strong></span> <span class='ocrx_word' id='word_1_184' title='bbox 801 2236 992 2306; x_wconf 71' lang='grc' dir='ltr'>φιλανθρωπίαν,</span> <span class='ocrx_word' id='word_1_185' title='bbox 1010 2233 1091 2305; x_wconf 80' lang='grc' dir='ltr'>ἔλεγες</span> <span class='ocrx_word' id='word_1_186' title='bbox 1109 2234 1215 2288; x_wconf 70' lang='lat' dir='ltr'><strong>britanis</strong></span> <span class='ocrx_word' id='word_1_187' title='bbox 1234 2237 1395 2310; x_wconf 73' lang='grc' dir='ltr'>γραμμᾶτων,</span> 
     </span>
     <span class='ocr_line' id='line_1_20' title="bbox 242 2319 1395 2393; baseline 0.005 -23"><span class='ocrx_word' id='word_1_188' title='bbox 242 2319 278 2383; x_wconf 75' lang='lat' dir='ltr'><strong>in,</strong></span> <span class='ocrx_word' id='word_1_189' title='bbox 293 2322 349 2375; x_wconf 72' lang='grc' dir='ltr'>Εἴθε</span> <span class='ocrx_word' id='word_1_190' title='bbox 361 2341 405 2393; x_wconf 89' lang='grc' dir='ltr'><strong>μοι</strong></span> <span class='ocrx_word' id='word_1_191' title='bbox 418 2323 521 2374; x_wconf 84' lang='grc' dir='ltr'>δυνατόν</span> <span class='ocrx_word' id='word_1_192' title='bbox 532 2321 561 2387; x_wconf 78' lang='grc' dir='ltr'><strong>ἠν</strong></span> <span class='ocrx_word' id='word_1_193' title='bbox 580 2322 618 2373; x_wconf 87' lang='grc' dir='ltr'><strong>καί</strong></span> <span class='ocrx_word' id='word_1_194' title='bbox 632 2325 688 2384; x_wconf 70' lang='grc' dir='ltr'>τοὺς</span> <span class='ocrx_word' id='word_1_195' title='bbox 700 2321 848 2383; x_wconf 73' lang='grc' dir='ltr'>ἀπελθόντας</span> <span class='ocrx_word' id='word_1_196' title='bbox 867 2320 976 2388; x_wconf 76' lang='grc' dir='ltr'>καλέσαι,</span> <span class='ocrx_word' id='word_1_197' title='bbox 995 2320 1034 2371; x_wconf 85' lang='grc' dir='ltr'><strong>καλ</strong></span> <span class='ocrx_word' id='word_1_198' title='bbox 1052 2319 1192 2390; x_wconf 71' lang='grc' dir='ltr'>ἀναστῆσαι,</span> <span class='ocrx_word' id='word_1_199' title='bbox 1211 2323 1250 2374; x_wconf 81' lang='grc' dir='ltr'><strong>καί</strong></span> <span class='ocrx_word' id='word_1_200' title='bbox 1275 2323 1335 2393; x_wconf 77' lang='grc' dir='ltr'>προς</span> <span class='ocrx_word' id='word_1_201' title='bbox 1353 2323 1395 2390; x_wconf 73' lang='grc' dir='ltr'><strong>τὴν</strong></span> 
     </span>
     <span class='ocr_line' id='line_1_21' title="bbox 244 2406 1395 2478; baseline 0.006 -23"><span class='ocrx_word' id='word_1_202' title='bbox 244 2408 352 2477; x_wconf 72' lang='grc' dir='ltr'>προτέραν</span> <span class='ocrx_word' id='word_1_203' title='bbox 380 2406 510 2476; x_wconf 74' lang='grc' dir='ltr'>ἀναγαγεῖν</span> <span class='ocrx_word' id='word_1_204' title='bbox 537 2407 610 2473; x_wconf 76' lang='grc' dir='ltr'>ζωήν.</span> <span class='ocrx_word' id='word_1_205' title='bbox 649 2409 799 2478; x_wconf 78' lang='lat' dir='ltr'><strong>Qrsrrnquam</strong></span> <span class='ocrx_word' id='word_1_206' title='bbox 826 2411 887 2476; x_wconf 82' lang='lat' dir='ltr'><strong>quid</strong></span> <span class='ocrx_word' id='word_1_207' title='bbox 903 2412 995 2460; x_wconf 71' lang='lat' dir='ltr'><strong>alliciet</strong></span> <span class='ocrx_word' id='word_1_208' title='bbox 1012 2407 1207 2470; x_wconf 78' lang='lat' dir='ltr'><strong>Consrmsn&#39;nam,</strong></span> <span class='ocrx_word' id='word_1_209' title='bbox 1226 2417 1271 2461; x_wconf 82' lang='lat' dir='ltr'><strong>aul</strong></span> <span class='ocrx_word' id='word_1_210' title='bbox 1288 2411 1395 2462; x_wconf 80' lang='lat' dir='ltr'><strong>aliorum</strong></span> 
     </span>
     <span class='ocr_line' id='line_1_22' title="bbox 244 2494 1397 2563; baseline 0.003 -21"><span class='ocrx_word' id='word_1_211' title='bbox 244 2495 347 2562; x_wconf 66' lang='lat' dir='ltr'><strong>exempla</strong></span> <span class='ocrx_word' id='word_1_212' title='bbox 365 2511 516 2557; x_wconf 82' lang='lat' dir='ltr'><strong>memorare,</strong></span> <span class='ocrx_word' id='word_1_213' title='bbox 543 2513 597 2544; x_wconf 86' lang='lat' dir='ltr'><strong>cum</strong></span> <span class='ocrx_word' id='word_1_214' title='bbox 616 2503 639 2545; x_wconf 81' lang='lat' dir='ltr'><strong>tc</strong></span> <span class='ocrx_word' id='word_1_215' title='bbox 665 2496 808 2545; x_wconf 82' lang='lat' dir='ltr'><strong>domesticis</strong></span> <span class='ocrx_word' id='word_1_216' title='bbox 834 2498 884 2543; x_wconf 85' lang='lat' dir='ltr'><strong>luis</strong></span> <span class='ocrx_word' id='word_1_217' title='bbox 900 2494 975 2544; x_wconf 85' lang='lat' dir='ltr'><strong>redas</strong></span> <span class='ocrx_word' id='word_1_218' title='bbox 993 2511 1024 2543; x_wconf 88' lang='lat' dir='ltr'><strong>ac</strong></span> <span class='ocrx_word' id='word_1_219' title='bbox 1035 2497 1121 2560; x_wconf 78' lang='lat' dir='ltr'><strong>scretis</strong></span> <span class='ocrx_word' id='word_1_220' title='bbox 1139 2496 1248 2546; x_wconf 80' lang='lat' dir='ltr'><strong>incitare</strong></span> <span class='ocrx_word' id='word_1_221' title='bbox 1266 2499 1397 2563; x_wconf 71' lang='lat' dir='ltr'><strong>oporteat?</strong></span> 
     </span>
     <span class='ocr_line' id='line_1_23' title="bbox 245 2577 1396 2648; baseline 0.007 -24"><span class='ocrx_word' id='word_1_222' title='bbox 245 2577 374 2630; x_wconf 83' lang='lat' dir='ltr'><strong>lleainists&#39;</strong></span> <span class='ocrx_word' id='word_1_223' title='bbox 385 2597 473 2648; x_wconf 76' lang='grc' dir='ltr'>ιιιιρεν,</span> <span class='ocrx_word' id='word_1_224' title='bbox 489 2597 543 2630; x_wconf 86' lang='lat' dir='ltr'><strong>cum</strong></span> <span class='ocrx_word' id='word_1_225' title='bbox 557 2582 639 2630; x_wconf 87' lang='lat' dir='ltr'><strong>codem</strong></span> <span class='ocrx_word' id='word_1_226' title='bbox 652 2581 696 2630; x_wconf 83' lang='lat' dir='ltr'><strong>illo</strong></span> <span class='ocrx_word' id='word_1_227' title='bbox 708 2588 841 2648; x_wconf 73' lang='lat' dir='ltr'><strong>suppetente</strong></span> <span class='ocrx_word' id='word_1_228' title='bbox 845 2583 914 2647; x_wconf 83' lang='lat' dir='ltr'><strong>festa</strong></span> <span class='ocrx_word' id='word_1_229' title='bbox 928 2580 1017 2629; x_wconf 82' lang='lat' dir='ltr'><strong>literas</strong></span> <span class='ocrx_word' id='word_1_230' title='bbox 1029 2588 1076 2630; x_wconf 85' lang='lat' dir='ltr'><strong>totu</strong></span> <span class='ocrx_word' id='word_1_231' title='bbox 1089 2587 1214 2630; x_wconf 82' lang='lat' dir='ltr'><strong>terraram</strong></span> <span class='ocrx_word' id='word_1_232' title='bbox 1227 2579 1286 2630; x_wconf 82' lang='lat' dir='ltr'><strong>orbe</strong></span> <span class='ocrx_word' id='word_1_233' title='bbox 1298 2583 1396 2646; x_wconf 80' lang='lat' dir='ltr'><strong>misisti,</strong></span> 
     </span>
     <span class='ocr_line' id='line_1_24' title="bbox 244 2663 1397 2734; baseline 0.004 -22"><span class='ocrx_word' id='word_1_234' title='bbox 244 2663 320 2727; x_wconf 81' lang='lat' dir='ltr'><strong>quibas</strong></span> <span class='ocrx_word' id='word_1_235' title='bbox 337 2681 480 2716; x_wconf 73' lang='lat' dir='ltr'><strong>concinnes</strong></span> <span class='ocrx_word' id='word_1_236' title='bbox 497 2668 583 2732; x_wconf 82' lang='lat' dir='ltr'><strong>quiin</strong></span> <span class='ocrx_word' id='word_1_237' title='bbox 602 2682 707 2716; x_wconf 86' lang='lat' dir='ltr'><strong>carcere</strong></span> <span class='ocrx_word' id='word_1_238' title='bbox 734 2673 815 2727; x_wconf 68' lang='lat' dir='ltr'><strong>aaut,</strong></span> <span class='ocrx_word' id='word_1_239' title='bbox 842 2665 943 2726; x_wconf 84' lang='lat' dir='ltr'><strong>dimitti,</strong></span> <span class='ocrx_word' id='word_1_240' title='bbox 961 2666 1043 2731; x_wconf 84' lang='lat' dir='ltr'><strong>eisque</strong></span> <span class='ocrx_word' id='word_1_241' title='bbox 1061 2665 1203 2716; x_wconf 79' lang='lat' dir='ltr'><strong>corrdunars&#39;</strong></span> <span class='ocrx_word' id='word_1_242' title='bbox 1220 2667 1329 2718; x_wconf 79' lang='lat' dir='ltr'><strong>crimina</strong></span> <span class='ocrx_word' id='word_1_243' title='bbox 1340 2667 1397 2734; x_wconf 82' lang='lat' dir='ltr'><strong>jas·</strong></span> 
     </span>
     <span class='ocr_line' id='line_1_25' title="bbox 245 2747 1398 2818; baseline 0.007 -24"><span class='ocrx_word' id='word_1_244' title='bbox 245 2751 303 2811; x_wconf 79' lang='lat' dir='ltr'><strong>sisti,</strong></span> <span class='ocrx_word' id='word_1_245' title='bbox 319 2749 485 2818; x_wconf 78' lang='lat' dir='ltr'><strong>mmperiade</strong></span> <span class='ocrx_word' id='word_1_246' title='bbox 496 2753 562 2800; x_wconf 86' lang='lat' dir='ltr'><strong>acsi</strong></span> <span class='ocrx_word' id='word_1_247' title='bbox 574 2751 680 2802; x_wconf 72' lang='lat' dir='ltr'><strong>eruendum</strong></span> <span class='ocrx_word' id='word_1_248' title='bbox 691 2747 754 2800; x_wconf 84' lang='lat' dir='ltr'><strong>haec</strong></span> <span class='ocrx_word' id='word_1_249' title='bbox 770 2751 944 2817; x_wconf 73' lang='lat' dir='ltr'><strong>testificandae</strong></span> <span class='ocrx_word' id='word_1_250' title='bbox 957 2747 1113 2800; x_wconf 78' lang='lat' dir='ltr'><strong>humanitati</strong></span> <span class='ocrx_word' id='word_1_251' title='bbox 1126 2759 1184 2802; x_wconf 82' lang='lat' dir='ltr'><strong>mae</strong></span> <span class='ocrx_word' id='word_1_252' title='bbox 1199 2752 1355 2818; x_wconf 80' lang='lat' dir='ltr'><strong>sufficerent,</strong></span> <span class='ocrx_word' id='word_1_253' title='bbox 1371 2755 1398 2802; x_wconf 87' lang='lat' dir='ltr'><strong>ia</strong></span> 
     </span>
     <span class='ocr_line' id='line_1_26' title="bbox 246 2830 1398 2903; baseline 0.009 -25"><span class='ocrx_word' id='word_1_254' title='bbox 246 2830 299 2882; x_wconf 85' lang='lat' dir='ltr'><strong>laec</strong></span> <span class='ocrx_word' id='word_1_255' title='bbox 315 2835 395 2886; x_wconf 80' lang='lat' dir='ltr'><strong>cerda</strong></span> <span class='ocrx_word' id='word_1_256' title='bbox 418 2839 576 2903; x_wconf 68' lang='lat' dir='ltr'><strong>scripseras:</strong></span> <span class='ocrx_word' id='word_1_257' title='bbox 598 2833 699 2886; x_wconf 81' lang='lat' dir='ltr'><strong>Utinam</strong></span> <span class='ocrx_word' id='word_1_258' title='bbox 717 2853 761 2901; x_wconf 76' lang='lat' dir='ltr'><strong>eqo</strong></span> <span class='ocrx_word' id='word_1_259' title='bbox 779 2843 887 2886; x_wconf 84' lang='lat' dir='ltr'><strong>mortuos</strong></span> <span class='ocrx_word' id='word_1_260' title='bbox 905 2835 942 2885; x_wconf 86' lang='lat' dir='ltr'><strong>ad</strong></span> <span class='ocrx_word' id='word_1_261' title='bbox 958 2837 1036 2885; x_wconf 82' lang='lat' dir='ltr'><strong>eitam</strong></span> <span class='ocrx_word' id='word_1_262' title='bbox 1053 2851 1176 2886; x_wconf 81' lang='lat' dir='ltr'><strong>reuocare</strong></span> <span class='ocrx_word' id='word_1_263' title='bbox 1194 2845 1267 2902; x_wconf 83' lang='lat' dir='ltr'><strong>atquc</strong></span> <span class='ocrx_word' id='word_1_264' title='bbox 1285 2839 1398 2888; x_wconf 76' lang='lat' dir='ltr'><strong>ascitam</strong></span> 
     </span>
     <span class='ocr_line' id='line_1_27' title="bbox 244 2917 1399 2989; baseline 0.007 -22"><span class='ocrx_word' id='word_1_265' title='bbox 244 2925 347 2982; x_wconf 81' lang='lat' dir='ltr'><strong>possea!</strong></span> <span class='ocrx_word' id='word_1_266' title='bbox 381 2917 456 2982; x_wconf 85' lang='lat' dir='ltr'><strong>Quod</strong></span> <span class='ocrx_word' id='word_1_267' title='bbox 474 2926 514 2971; x_wconf 88' lang='lat' dir='ltr'><strong>est</strong></span> <span class='ocrx_word' id='word_1_268' title='bbox 526 2919 687 2989; x_wconf 88' lang='lat' dir='ltr'><strong>ipsissimum</strong></span> <span class='ocrx_word' id='word_1_269' title='bbox 700 2919 867 2988; x_wconf 81' lang='lat' dir='ltr'><strong>benignitatis</strong></span> <span class='ocrx_word' id='word_1_270' title='bbox 879 2919 1084 2988; x_wconf 83' lang='lat' dir='ltr'><strong>clementiaeque</strong></span> <span class='ocrx_word' id='word_1_271' title='bbox 1096 2919 1235 2988; x_wconf 87' lang='lat' dir='ltr'><strong>specimen,</strong></span> <span class='ocrx_word' id='word_1_272' title='bbox 1252 2921 1320 2989; x_wconf 90' lang='lat' dir='ltr'><strong>quod</strong></span> <span class='ocrx_word' id='word_1_273' title='bbox 1333 2920 1399 2975; x_wconf 85' lang='lat' dir='ltr'><strong>The·</strong></span> 
     </span>
     <span class='ocr_line' id='line_1_28' title="bbox 247 3001 1398 3073; baseline 0.009 -23"><span class='ocrx_word' id='word_1_274' title='bbox 247 3001 338 3056; x_wconf 75' lang='lat' dir='ltr'><strong>tristius</strong></span> <span class='ocrx_word' id='word_1_275' title='bbox 357 3003 449 3056; x_wconf 81' lang='lat' dir='ltr'><strong>inille</strong></span> <span class='ocrx_word' id='word_1_276' title='bbox 474 3005 589 3056; x_wconf 88' lang='lat' dir='ltr'><strong>oratione</strong></span> <span class='ocrx_word' id='word_1_277' title='bbox 608 3003 745 3073; x_wconf 82' lang='lat' dir='ltr'><strong>praedicat,</strong></span> <span class='ocrx_word' id='word_1_278' title='bbox 773 3005 905 3073; x_wconf 86' lang='lat' dir='ltr'><strong>aliquanto</strong></span> <span class='ocrx_word' id='word_1_279' title='bbox 924 3009 984 3056; x_wconf 78' lang='lat' dir='ltr'><strong>subs</strong></span> <span class='ocrx_word' id='word_1_280' title='bbox 1003 3001 1193 3056; x_wconf 79' lang='lat' dir='ltr'><strong>Antiochenam</strong></span> <span class='ocrx_word' id='word_1_281' title='bbox 1211 3005 1274 3058; x_wconf 88' lang='lat' dir='ltr'><strong>illud</strong></span> <span class='ocrx_word' id='word_1_282' title='bbox 1292 3006 1398 3072; x_wconf 87' lang='lat' dir='ltr'><strong>editum,</strong></span> 
     </span>
     <span class='ocr_line' id='line_1_29' title="bbox 247 3087 1398 3159; baseline 0.006 -22"><span class='ocrx_word' id='word_1_283' title='bbox 247 3099 296 3139; x_wconf 82' lang='lat' dir='ltr'><strong>cum</strong></span> <span class='ocrx_word' id='word_1_284' title='bbox 307 3087 393 3142; x_wconf 87' lang='lat' dir='ltr'><strong>adhuc</strong></span> <span class='ocrx_word' id='word_1_285' title='bbox 405 3087 512 3141; x_wconf 86' lang='lat' dir='ltr'><strong>Placilla</strong></span> <span class='ocrx_word' id='word_1_286' title='bbox 523 3090 627 3153; x_wconf 79' lang='lat' dir='ltr'><strong>vireret,</strong></span> <span class='ocrx_word' id='word_1_287' title='bbox 640 3094 669 3140; x_wconf 90' lang='lat' dir='ltr'><strong>ut</strong></span> <span class='ocrx_word' id='word_1_288' title='bbox 681 3105 713 3142; x_wconf 87' lang='lat' dir='ltr'><strong>ex</strong></span> <span class='ocrx_word' id='word_1_289' title='bbox 726 3089 843 3141; x_wconf 86' lang='lat' dir='ltr'><strong>oratione</strong></span> <span class='ocrx_word' id='word_1_290' title='bbox 854 3089 912 3158; x_wconf 87' lang='lat' dir='ltr'><strong>ipsa</strong></span> <span class='ocrx_word' id='word_1_291' title='bbox 925 3093 1032 3141; x_wconf 86' lang='lat' dir='ltr'><strong>constat.</strong></span> <span class='ocrx_word' id='word_1_292' title='bbox 1052 3087 1111 3140; x_wconf 89' lang='lat' dir='ltr'><strong>Non</strong></span> <span class='ocrx_word' id='word_1_293' title='bbox 1124 3090 1195 3159; x_wconf 88' lang='lat' dir='ltr'><strong>potui</strong></span> <span class='ocrx_word' id='word_1_294' title='bbox 1205 3095 1259 3142; x_wconf 85' lang='lat' dir='ltr'><strong>tam</strong></span> <span class='ocrx_word' id='word_1_295' title='bbox 1271 3091 1398 3144; x_wconf 86' lang='lat' dir='ltr'><strong>illustrem</strong></span> 
     </span>
     <span class='ocr_line' id='line_1_30' title="bbox 248 3168 1399 3244; baseline 0.009 -25"><span class='ocrx_word' id='word_1_296' title='bbox 248 3168 382 3238; x_wconf 71' lang='lat' dir='ltr'><strong>historiam,</strong></span> <span class='ocrx_word' id='word_1_297' title='bbox 409 3180 515 3243; x_wconf 90' lang='lat' dir='ltr'><strong>tamque</strong></span> <span class='ocrx_word' id='word_1_298' title='bbox 540 3173 699 3226; x_wconf 87' lang='lat' dir='ltr'><strong>luculentam</strong></span> <span class='ocrx_word' id='word_1_299' title='bbox 727 3173 760 3225; x_wconf 89' lang='lat' dir='ltr'><strong>ad</strong></span> <span class='ocrx_word' id='word_1_300' title='bbox 777 3172 947 3244; x_wconf 65' lang='lat' dir='ltr'><strong>&#39;themistium</strong></span> <span class='ocrx_word' id='word_1_301' title='bbox 975 3179 1093 3226; x_wconf 90' lang='lat' dir='ltr'><strong>nostrum</strong></span> <span class='ocrx_word' id='word_1_302' title='bbox 1111 3176 1286 3228; x_wconf 87' lang='lat' dir='ltr'><strong>accessionem</strong></span> <span class='ocrx_word' id='word_1_303' title='bbox 1305 3177 1399 3229; x_wconf 84' lang='lat' dir='ltr'><strong>tacitus</strong></span> 
     </span>
     <span class='ocr_line' id='line_1_31' title="bbox 248 3257 1400 3330; baseline 0.006 -23"><span class='ocrx_word' id='word_1_304' title='bbox 248 3260 449 3320; x_wconf 82' lang='lat' dir='ltr'><strong>praetermittere.</strong></span> <span class='ocrx_word' id='word_1_305' title='bbox 484 3257 692 3312; x_wconf 78' lang='lat' dir='ltr'><strong>commodiorem</strong></span> <span class='ocrx_word' id='word_1_306' title='bbox 705 3265 800 3324; x_wconf 87' lang='lat' dir='ltr'><strong>sutem,</strong></span> <span class='ocrx_word' id='word_1_307' title='bbox 813 3259 859 3311; x_wconf 94' lang='lat' dir='ltr'><strong>ubi</strong></span> <span class='ocrx_word' id='word_1_308' title='bbox 870 3257 937 3311; x_wconf 85' lang='lat' dir='ltr'><strong>hano</strong></span> <span class='ocrx_word' id='word_1_309' title='bbox 953 3259 1107 3322; x_wconf 85' lang='lat' dir='ltr'><strong>intexerem,</strong></span> <span class='ocrx_word' id='word_1_310' title='bbox 1126 3259 1221 3322; x_wconf 88' lang='lat' dir='ltr'><strong>locum,</strong></span> <span class='ocrx_word' id='word_1_311' title='bbox 1240 3276 1318 3330; x_wconf 88' lang='lat' dir='ltr'><strong>quam</strong></span> <span class='ocrx_word' id='word_1_312' title='bbox 1331 3259 1400 3314; x_wconf 90' lang='lat' dir='ltr'><strong>huno</strong></span> 
     </span>
     <span class='ocr_line' id='line_1_32' title="bbox 249 3337 1483 3414; baseline 0.008 -22"><span class='ocrx_word' id='word_1_313' title='bbox 249 3337 322 3406; x_wconf 82' lang='lat' dir='ltr'><strong>ipsum</strong></span> <span class='ocrx_word' id='word_1_314' title='bbox 337 3344 419 3398; x_wconf 85' lang='lat' dir='ltr'><strong>habui</strong></span> <span class='ocrx_word' id='word_1_315' title='bbox 435 3344 543 3397; x_wconf 88' lang='lat' dir='ltr'><strong>nullum.</strong></span> <span class='ocrx_word' id='word_1_316' title='bbox 580 3345 650 3397; x_wconf 81' lang='lat' dir='ltr'><strong>Alter</strong></span> <span class='ocrx_word' id='word_1_317' title='bbox 667 3361 721 3397; x_wconf 92' lang='lat' dir='ltr'><strong>non</strong></span> <span class='ocrx_word' id='word_1_318' title='bbox 738 3353 791 3396; x_wconf 86' lang='lat' dir='ltr'><strong>tarn</strong></span> <span class='ocrx_word' id='word_1_319' title='bbox 809 3344 874 3397; x_wconf 89' lang='lat' dir='ltr'><strong>ritus</strong></span> <span class='ocrx_word' id='word_1_320' title='bbox 897 3359 976 3413; x_wconf 86' lang='lat' dir='ltr'><strong>quam</strong></span> <span class='ocrx_word' id='word_1_321' title='bbox 1001 3345 1097 3397; x_wconf 89' lang='lat' dir='ltr'><strong>rituum</strong></span> <span class='ocrx_word' id='word_1_322' title='bbox 1119 3359 1149 3396; x_wconf 83' lang='lat' dir='ltr'><strong>ac</strong></span> <span class='ocrx_word' id='word_1_323' title='bbox 1171 3343 1321 3414; x_wconf 87' lang='lat' dir='ltr'><strong>disciplinae</strong></span> <span class='ocrx_word' id='word_1_324' title='bbox 1344 3363 1400 3400; x_wconf 87' lang='lat' dir='ltr'><strong>cor·</strong></span> <span class='ocrx_word' id='word_1_325' title='bbox 1481 3397 1483 3402; x_wconf 80' lang='grc'>,</span> 
     </span>
     <span class='ocr_line' id='line_1_33' title="bbox 250 3427 1401 3500; baseline 0.01 -26"><span class='ocrx_word' id='word_1_326' title='bbox 250 3427 337 3493; x_wconf 88' lang='lat' dir='ltr'><strong>ruptels</strong></span> <span class='ocrx_word' id='word_1_327' title='bbox 355 3429 413 3494; x_wconf 87' lang='lat' dir='ltr'><strong>luit,</strong></span> <span class='ocrx_word' id='word_1_328' title='bbox 443 3434 473 3481; x_wconf 89' lang='lat' dir='ltr'><strong>ut</strong></span> <span class='ocrx_word' id='word_1_329' title='bbox 497 3427 589 3482; x_wconf 89' lang='lat' dir='ltr'><strong>iisdem</strong></span> <span class='ocrx_word' id='word_1_330' title='bbox 615 3429 707 3482; x_wconf 88' lang='lat' dir='ltr'><strong>diebus</strong></span> <span class='ocrx_word' id='word_1_331' title='bbox 734 3428 926 3482; x_wconf 86' lang='lat' dir='ltr'><strong>catechumenis</strong></span> <span class='ocrx_word' id='word_1_332' title='bbox 948 3429 1152 3483; x_wconf 85' lang='lat' dir='ltr'><strong>extraordinaria</strong></span> <span class='ocrx_word' id='word_1_333' title='bbox 1170 3430 1297 3500; x_wconf 82' lang='lat' dir='ltr'><strong>quaedam</strong></span> <span class='ocrx_word' id='word_1_334' title='bbox 1315 3448 1401 3486; x_wconf 86' lang='lat' dir='ltr'><strong>sacra·</strong></span> 
     </span>
     <span class='ocr_line' id='line_1_34' title="bbox 250 3513 1401 3588; baseline 0.01 -28"><span class='ocrx_word' id='word_1_335' title='bbox 250 3519 327 3564; x_wconf 82' lang='lat' dir='ltr'><strong>nanta</strong></span> <span class='ocrx_word' id='word_1_336' title='bbox 342 3514 562 3584; x_wconf 88' lang='lat' dir='ltr'><strong>permitterentur.</strong></span> <span class='ocrx_word' id='word_1_337' title='bbox 596 3513 667 3578; x_wconf 82' lang='lat' dir='ltr'><strong>Quae</strong></span> <span class='ocrx_word' id='word_1_338' title='bbox 685 3516 833 3585; x_wconf 89' lang='lat' dir='ltr'><strong>cujusmodi</strong></span> <span class='ocrx_word' id='word_1_339' title='bbox 850 3515 956 3579; x_wconf 86' lang='lat' dir='ltr'><strong>fuerint,</strong></span> <span class='ocrx_word' id='word_1_340' title='bbox 974 3515 1089 3569; x_wconf 91' lang='lat' dir='ltr'><strong>nondum</strong></span> <span class='ocrx_word' id='word_1_341' title='bbox 1107 3515 1198 3584; x_wconf 88' lang='lat' dir='ltr'><strong>liquet.</strong></span> <span class='ocrx_word' id='word_1_342' title='bbox 1232 3515 1262 3569; x_wconf 94' lang='lat' dir='ltr'><strong>ln</strong></span> <span class='ocrx_word' id='word_1_343' title='bbox 1280 3515 1401 3588; x_wconf 79' lang='lat' dir='ltr'><strong>camag.</strong></span> 
     </span>
     <span class='ocr_line' id='line_1_35' title="bbox 251 3595 1403 3674; baseline 0.01 -29"><span class='ocrx_word' id='word_1_344' title='bbox 251 3595 343 3660; x_wconf 89' lang='lat' dir='ltr'><strong>quidem</strong></span> <span class='ocrx_word' id='word_1_345' title='bbox 362 3599 440 3652; x_wconf 82' lang='lat' dir='ltr'><strong>Gonu.</strong></span> <span class='ocrx_word' id='word_1_346' title='bbox 453 3617 493 3653; x_wconf 84' lang='lat'>111.</span> <span class='ocrx_word' id='word_1_347' title='bbox 510 3599 589 3654; x_wconf 84' lang='lat' dir='ltr'><strong>Cano.</strong></span> <span class='ocrx_word' id='word_1_348' title='bbox 601 3619 627 3653; x_wconf 89' lang='lat' dir='ltr'><strong>v.</strong></span> <span class='ocrx_word' id='word_1_349' title='bbox 644 3617 701 3653; x_wconf 91' lang='lat' dir='ltr'><strong>mos</strong></span> <span class='ocrx_word' id='word_1_350' title='bbox 718 3601 762 3654; x_wconf 91' lang='lat' dir='ltr'><strong>ille</strong></span> <span class='ocrx_word' id='word_1_351' title='bbox 780 3600 923 3670; x_wconf 81' lang='lat' dir='ltr'><strong>abrogatur</strong></span> <span class='ocrx_word' id='word_1_352' title='bbox 940 3599 980 3654; x_wconf 88' lang='lat' dir='ltr'><strong>his</strong></span> <span class='ocrx_word' id='word_1_353' title='bbox 998 3602 1095 3656; x_wconf 82' lang='lat' dir='ltr'><strong>verbis:</strong></span> <span class='ocrx_word' id='word_1_354' title='bbox 1115 3601 1178 3653; x_wconf 82' lang='lat' dir='ltr'><strong>Item</strong></span> <span class='ocrx_word' id='word_1_355' title='bbox 1190 3603 1302 3671; x_wconf 81' lang='lat' dir='ltr'><strong>placuit,</strong></span> <span class='ocrx_word' id='word_1_356' title='bbox 1313 3615 1341 3657; x_wconf 85' lang='lat' dir='ltr'><strong>at</strong></span> <span class='ocrx_word' id='word_1_357' title='bbox 1352 3623 1403 3674; x_wconf 82' lang='lat' dir='ltr'><strong>per</strong></span> 
     </span>
     <span class='ocr_line' id='line_1_36' title="bbox 250 3681 1402 3754; baseline 0.011 -25"><span class='ocrx_word' id='word_1_358' title='bbox 250 3681 424 3736; x_wconf 75' lang='lat' dir='ltr'><strong>sdennissiasos</strong></span> <span class='ocrx_word' id='word_1_359' title='bbox 435 3685 577 3754; x_wconf 77' lang='lat' dir='ltr'><strong>paschales</strong></span> <span class='ocrx_word' id='word_1_360' title='bbox 595 3687 649 3738; x_wconf 85' lang='lat' dir='ltr'><strong>dies</strong></span> <span class='ocrx_word' id='word_1_361' title='bbox 666 3697 852 3738; x_wconf 85' lang='lat' dir='ltr'><strong>sacramentum</strong></span> <span class='ocrx_word' id='word_1_362' title='bbox 871 3687 1056 3739; x_wconf 84' lang='lat' dir='ltr'><strong>catechumenis</strong></span> <span class='ocrx_word' id='word_1_363' title='bbox 1074 3707 1121 3740; x_wconf 87' lang='lat' dir='ltr'><strong>nos</strong></span> <span class='ocrx_word' id='word_1_364' title='bbox 1140 3689 1219 3752; x_wconf 80' lang='lat' dir='ltr'><strong>deber,</strong></span> <span class='ocrx_word' id='word_1_365' title='bbox 1238 3693 1289 3740; x_wconf 85' lang='lat' dir='ltr'><strong>aiei</strong></span> <span class='ocrx_word' id='word_1_366' title='bbox 1304 3691 1402 3742; x_wconf 83' lang='lat' dir='ltr'><strong>solitum</strong></span> 
     </span>
     <span class='ocr_line' id='line_1_37' title="bbox 251 3766 1403 3840; baseline 0.007 -21"><span class='ocrx_word' id='word_1_367' title='bbox 251 3766 290 3816; x_wconf 65' lang='lat' dir='ltr'><strong>tal.</strong></span> <span class='ocrx_word' id='word_1_368' title='bbox 324 3770 394 3829; x_wconf 82' lang='lat' dir='ltr'><strong>Quia</strong></span> <span class='ocrx_word' id='word_1_369' title='bbox 411 3774 436 3822; x_wconf 85' lang='lat' dir='ltr'><strong>si</strong></span> <span class='ocrx_word' id='word_1_370' title='bbox 446 3772 537 3839; x_wconf 80' lang='lat' dir='ltr'><strong>fideles</strong></span> <span class='ocrx_word' id='word_1_371' title='bbox 561 3789 610 3840; x_wconf 84' lang='lat' dir='ltr'><strong>per</strong></span> <span class='ocrx_word' id='word_1_372' title='bbox 626 3772 684 3823; x_wconf 88' lang='lat' dir='ltr'><strong>ilios</strong></span> <span class='ocrx_word' id='word_1_373' title='bbox 702 3775 756 3824; x_wconf 88' lang='lat' dir='ltr'><strong>dies</strong></span> <span class='ocrx_word' id='word_1_374' title='bbox 773 3781 937 3824; x_wconf 83' lang='lat' dir='ltr'><strong>sacramenta</strong></span> <span class='ocrx_word' id='word_1_375' title='bbox 956 3791 1002 3825; x_wconf 87' lang='lat' dir='ltr'><strong>non</strong></span> <span class='ocrx_word' id='word_1_376' title='bbox 1021 3782 1125 3838; x_wconf 82' lang='lat' dir='ltr'><strong>mutant,</strong></span> <span class='ocrx_word' id='word_1_377' title='bbox 1154 3791 1199 3826; x_wconf 85' lang='lat' dir='ltr'><strong>aec</strong></span> <span class='ocrx_word' id='word_1_378' title='bbox 1218 3773 1403 3827; x_wconf 82' lang='lat' dir='ltr'><strong>catechumenis</strong></span> 
     </span>
     <span class='ocr_line' id='line_1_38' title="bbox 251 3855 1404 3930; baseline 0.01 -28"><span class='ocrx_word' id='word_1_379' title='bbox 251 3862 335 3915; x_wconf 79' lang='lat' dir='ltr'><strong>oportet</strong></span> <span class='ocrx_word' id='word_1_380' title='bbox 355 3866 463 3907; x_wconf 84' lang='lat' dir='ltr'><strong>murare.</strong></span> <span class='ocrx_word' id='word_1_381' title='bbox 498 3855 563 3909; x_wconf 85' lang='lat' dir='ltr'><strong>Gom</strong></span> <span class='ocrx_word' id='word_1_382' title='bbox 586 3857 625 3909; x_wconf 89' lang='lat' dir='ltr'><strong>sal</strong></span> <span class='ocrx_word' id='word_1_383' title='bbox 650 3855 841 3909; x_wconf 88' lang='lat' dir='ltr'><strong>catechumenis</strong></span> <span class='ocrx_word' id='word_1_384' title='bbox 859 3857 978 3927; x_wconf 88' lang='lat' dir='ltr'><strong>praeberi</strong></span> <span class='ocrx_word' id='word_1_385' title='bbox 998 3867 1152 3912; x_wconf 87' lang='lat' dir='ltr'><strong>consuetum</strong></span> <span class='ocrx_word' id='word_1_386' title='bbox 1174 3865 1255 3923; x_wconf 88' lang='lat' dir='ltr'><strong>esset,</strong></span> <span class='ocrx_word' id='word_1_387' title='bbox 1282 3866 1404 3930; x_wconf 84' lang='lat' dir='ltr'><strong>appeten·</strong></span> 
     </span>
     <span class='ocr_line' id='line_1_39' title="bbox 252 3933 1404 4014; baseline 0.009 -28"><span class='ocrx_word' id='word_1_388' title='bbox 252 3933 311 3988; x_wconf 84' lang='lat' dir='ltr'><strong>libus</strong></span> <span class='ocrx_word' id='word_1_389' title='bbox 322 3939 456 4010; x_wconf 88' lang='lat' dir='ltr'><strong>paschatis</strong></span> <span class='ocrx_word' id='word_1_390' title='bbox 469 3939 540 3993; x_wconf 80' lang='lat' dir='ltr'><strong>feriis</strong></span> <span class='ocrx_word' id='word_1_391' title='bbox 552 3942 782 3994; x_wconf 77' lang='lat' dir='ltr'><strong>exesordinsrium</strong></span> <span class='ocrx_word' id='word_1_392' title='bbox 796 3941 918 4011; x_wconf 83' lang='lat' dir='ltr'><strong>quiddam</strong></span> <span class='ocrx_word' id='word_1_393' title='bbox 932 3959 1083 3996; x_wconf 86' lang='lat' dir='ltr'><strong>concessum</strong></span> <span class='ocrx_word' id='word_1_394' title='bbox 1097 3945 1148 3996; x_wconf 88' lang='lat' dir='ltr'><strong>illis</strong></span> <span class='ocrx_word' id='word_1_395' title='bbox 1161 3953 1208 3996; x_wconf 90' lang='lat' dir='ltr'><strong>est.</strong></span> <span class='ocrx_word' id='word_1_396' title='bbox 1245 3943 1303 3997; x_wconf 85' lang='lat' dir='ltr'><strong>Non</strong></span> <span class='ocrx_word' id='word_1_397' title='bbox 1316 3945 1404 4014; x_wconf 85' lang='lat' dir='ltr'><strong>ntique</strong></span> 
     </span>
     <span class='ocr_line' id='line_1_40' title="bbox 254 4021 1404 4100; baseline 0.013 -33"><span class='ocrx_word' id='word_1_398' title='bbox 254 4021 409 4090; x_wconf 83' lang='lat' dir='ltr'><strong>eucharistia,</strong></span> <span class='ocrx_word' id='word_1_399' title='bbox 427 4042 475 4078; x_wconf 83' lang='lat' dir='ltr'><strong>nec</strong></span> <span class='ocrx_word' id='word_1_400' title='bbox 492 4027 560 4078; x_wconf 89' lang='lat' dir='ltr'><strong>enim</strong></span> <span class='ocrx_word' id='word_1_401' title='bbox 579 4032 680 4079; x_wconf 85' lang='lat' dir='ltr'><strong>tsntrmr</strong></span> <span class='ocrx_word' id='word_1_402' title='bbox 698 4027 836 4079; x_wconf 88' lang='lat' dir='ltr'><strong>insaniisse</strong></span> <span class='ocrx_word' id='word_1_403' title='bbox 855 4043 1003 4097; x_wconf 83' lang='lat' dir='ltr'><strong>quenquam</strong></span> <span class='ocrx_word' id='word_1_404' title='bbox 1022 4028 1138 4082; x_wconf 86' lang='lat' dir='ltr'><strong>arbitror.</strong></span> <span class='ocrx_word' id='word_1_405' title='bbox 1173 4025 1263 4098; x_wconf 86' lang='lat' dir='ltr'><strong>Neque</strong></span> <span class='ocrx_word' id='word_1_406' title='bbox 1280 4046 1341 4084; x_wconf 86' lang='lat' dir='ltr'><strong>reru</strong></span> <span class='ocrx_word' id='word_1_407' title='bbox 1359 4046 1404 4100; x_wconf 91' lang='lat' dir='ltr'><strong>per</strong></span> 
     </span>
     <span class='ocr_line' id='line_1_41' title="bbox 254 4111 1403 4184; baseline 0.011 -32"><span class='ocrx_word' id='word_1_408' title='bbox 254 4117 434 4163; x_wconf 79' lang='lat' dir='ltr'><strong>sacramentum</strong></span> <span class='ocrx_word' id='word_1_409' title='bbox 453 4111 563 4181; x_wconf 82' lang='lat' dir='ltr'><strong>intelligi</strong></span> <span class='ocrx_word' id='word_1_410' title='bbox 580 4119 643 4182; x_wconf 91' lang='lat' dir='ltr'><strong>puto</strong></span> <span class='ocrx_word' id='word_1_411' title='bbox 661 4112 824 4180; x_wconf 72' lang='lat' dir='ltr'><strong>symbolum,</strong></span> <span class='ocrx_word' id='word_1_412' title='bbox 850 4111 895 4165; x_wconf 90' lang='lat' dir='ltr'><strong>sed</strong></span> <span class='ocrx_word' id='word_1_413' title='bbox 912 4129 1006 4182; x_wconf 87' lang='lat' dir='ltr'><strong>panem</strong></span> <span class='ocrx_word' id='word_1_414' title='bbox 1025 4113 1110 4182; x_wconf 91' lang='lat' dir='ltr'><strong>ipsum</strong></span> <span class='ocrx_word' id='word_1_415' title='bbox 1129 4127 1158 4164; x_wconf 82' lang='lat' dir='ltr'><strong>uo</strong></span> <span class='ocrx_word' id='word_1_416' title='bbox 1177 4114 1279 4179; x_wconf 79' lang='lat' dir='ltr'><strong>sinum,</strong></span> <span class='ocrx_word' id='word_1_417' title='bbox 1301 4131 1334 4167; x_wconf 82' lang='lat' dir='ltr'><strong>ex</strong></span> <span class='ocrx_word' id='word_1_418' title='bbox 1353 4130 1403 4184; x_wconf 90' lang='lat' dir='ltr'><strong>qno</strong></span> 
     </span>
     <span class='ocr_line' id='line_1_42' title="bbox 255 4189 1404 4268; baseline 0.01 -29"><span class='ocrx_word' id='word_1_419' title='bbox 255 4189 403 4248; x_wconf 83' lang='lat' dir='ltr'><strong>eucharistia</strong></span> <span class='ocrx_word' id='word_1_420' title='bbox 420 4201 568 4247; x_wconf 82' lang='lat' dir='ltr'><strong>consecrata</strong></span> <span class='ocrx_word' id='word_1_421' title='bbox 584 4197 678 4250; x_wconf 86' lang='lat' dir='ltr'><strong>iuerat.</strong></span> <span class='ocrx_word' id='word_1_422' title='bbox 714 4195 780 4249; x_wconf 87' lang='lat' dir='ltr'><strong>Nam</strong></span> <span class='ocrx_word' id='word_1_423' title='bbox 798 4197 923 4268; x_wconf 89' lang='lat' dir='ltr'><strong>reliquiae</strong></span> <span class='ocrx_word' id='word_1_424' title='bbox 940 4197 1015 4268; x_wconf 83' lang='lat' dir='ltr'><strong>panis</strong></span> <span class='ocrx_word' id='word_1_425' title='bbox 1033 4201 1060 4249; x_wconf 86' lang='lat' dir='ltr'><strong>et</strong></span> <span class='ocrx_word' id='word_1_426' title='bbox 1076 4197 1142 4262; x_wconf 84' lang='lat' dir='ltr'><strong>vini,</strong></span> <span class='ocrx_word' id='word_1_427' title='bbox 1168 4214 1235 4268; x_wconf 87' lang='lat' dir='ltr'><strong>quse</strong></span> <span class='ocrx_word' id='word_1_428' title='bbox 1252 4214 1268 4252; x_wconf 87' lang='lat' dir='ltr'><strong>a</strong></span> <span class='ocrx_word' id='word_1_429' title='bbox 1284 4199 1404 4252; x_wconf 76' lang='lat' dir='ltr'><strong>fidelibus</strong></span> 
     </span>
     <span class='ocr_line' id='line_1_43' title="bbox 254 4273 1404 4352; baseline 0.003 -20"><span class='ocrx_word' id='word_1_430' title='bbox 254 4273 280 4325; x_wconf 54' lang='grc' dir='ltr'><strong>ιθ</strong></span> <span class='ocrx_word' id='word_1_431' title='bbox 303 4279 458 4333; x_wconf 83' lang='lat' dir='ltr'><strong>sacrificium</strong></span> <span class='ocrx_word' id='word_1_432' title='bbox 475 4281 659 4334; x_wconf 86' lang='lat' dir='ltr'><strong>celebrandum</strong></span> <span class='ocrx_word' id='word_1_433' title='bbox 685 4281 773 4334; x_wconf 85' lang='lat' dir='ltr'><strong>oblata</strong></span> <span class='ocrx_word' id='word_1_434' title='bbox 798 4281 913 4346; x_wconf 86' lang='lat' dir='ltr'><strong>inerant,</strong></span> <span class='ocrx_word' id='word_1_435' title='bbox 940 4296 1128 4352; x_wconf 87' lang='lat' dir='ltr'><strong>nonnunquam</strong></span> <span class='ocrx_word' id='word_1_436' title='bbox 1152 4283 1179 4336; x_wconf 91' lang='lat' dir='ltr'><strong>in</strong></span> <span class='ocrx_word' id='word_1_437' title='bbox 1206 4283 1404 4336; x_wconf 86' lang='lat' dir='ltr'><strong>catechumenos</strong></span> 
     </span>
     <span class='ocr_line' id='line_1_44' title="bbox 255 4357 1405 4437; baseline 0.001 -20"><span class='ocrx_word' id='word_1_438' title='bbox 255 4357 473 4418; x_wconf 70' lang='lat' dir='ltr'><strong>bembueoantur.</strong></span> <span class='ocrx_word' id='word_1_439' title='bbox 508 4365 582 4429; x_wconf 89' lang='lat' dir='ltr'><strong>Quod</strong></span> <span class='ocrx_word' id='word_1_440' title='bbox 600 4367 713 4436; x_wconf 86' lang='lat' dir='ltr'><strong>amplius</strong></span> <span class='ocrx_word' id='word_1_441' title='bbox 737 4368 856 4437; x_wconf 85' lang='lat' dir='ltr'><strong>usurpari</strong></span> <span class='ocrx_word' id='word_1_442' title='bbox 873 4374 945 4418; x_wconf 83' lang='lat' dir='ltr'><strong>vetat</strong></span> <span class='ocrx_word' id='word_1_443' title='bbox 961 4365 1119 4437; x_wconf 84' lang='lat' dir='ltr'><strong>Theophilus</strong></span> <span class='ocrx_word' id='word_1_444' title='bbox 1136 4369 1211 4423; x_wconf 79' lang='lat' dir='ltr'><strong>Alex.</strong></span> <span class='ocrx_word' id='word_1_445' title='bbox 1224 4367 1357 4422; x_wconf 81' lang='lat' dir='ltr'><strong>Gummi:</strong></span> <span class='ocrx_word' id='word_1_446' title='bbox 1375 4366 1405 4419; x_wconf 79' lang='grc' dir='ltr'><strong>τὰ</strong></span> 
     </span>
     <span class='ocr_line' id='line_1_45' title="bbox 255 4446 1405 4524; baseline 0.002 -22"><span class='ocrx_word' id='word_1_447' title='bbox 255 4452 426 4520; x_wconf 59' lang='lat' dir='ltr'><strong>accepsemas</strong></span> <span class='ocrx_word' id='word_1_448' title='bbox 438 4446 469 4509; x_wconf 82' lang='grc' dir='ltr'>είς</span> <span class='ocrx_word' id='word_1_449' title='bbox 480 4449 557 4520; x_wconf 84' lang='grc' dir='ltr'>λόγον</span> <span class='ocrx_word' id='word_1_450' title='bbox 570 4451 652 4512; x_wconf 82' lang='grc' dir='ltr'>θυσίας</span> <span class='ocrx_word' id='word_1_451' title='bbox 664 4451 725 4521; x_wconf 82' lang='grc' dir='ltr'>μετὰ</span> <span class='ocrx_word' id='word_1_452' title='bbox 737 4453 786 4502; x_wconf 85' lang='grc' dir='ltr'><strong>τῶν</strong></span> <span class='ocrx_word' id='word_1_453' title='bbox 795 4451 992 4522; x_wconf 75' lang='grc' dir='ltr'>ἀναλισκομένων</span> <span class='ocrx_word' id='word_1_454' title='bbox 1012 4448 1043 4513; x_wconf 83' lang='grc' dir='ltr'>είς</span> <span class='ocrx_word' id='word_1_455' title='bbox 1055 4449 1097 4518; x_wconf 71' lang='grc' dir='ltr'><strong>τὴν</strong></span> <span class='ocrx_word' id='word_1_456' title='bbox 1110 4455 1159 4504; x_wconf 82' lang='grc' dir='ltr'><strong>τῶν</strong></span> <span class='ocrx_word' id='word_1_457' title='bbox 1172 4454 1310 4524; x_wconf 83' lang='grc' dir='ltr'>μυστηρίων</span> <span class='ocrx_word' id='word_1_458' title='bbox 1321 4452 1405 4524; x_wconf 83' lang='grc' dir='ltr'>χρείαν</span> 
     </span>
     <span class='ocr_line' id='line_1_46' title="bbox 256 4526 1405 4609; baseline 0.008 -26"><span class='ocrx_word' id='word_1_459' title='bbox 256 4526 396 4606; x_wconf 75' lang='grc' dir='ltr'>νίκληρικολ</span> <span class='ocrx_word' id='word_1_460' title='bbox 415 4532 632 4606; x_wconf 74' lang='grc' dir='ltr'>διανειμίσθωσαν,</span> <span class='ocrx_word' id='word_1_461' title='bbox 658 4535 698 4587; x_wconf 82' lang='grc' dir='ltr'><strong>καλ</strong></span> <span class='ocrx_word' id='word_1_462' title='bbox 728 4537 789 4607; x_wconf 74' lang='grc' dir='ltr'>μήτε</span> <span class='ocrx_word' id='word_1_463' title='bbox 806 4537 983 4609; x_wconf 76' lang='grc' dir='ltr'>κατεχοῦμενος</span> <span class='ocrx_word' id='word_1_464' title='bbox 1001 4533 1027 4588; x_wconf 71' lang='grc' dir='ltr'><strong>ἐκ</strong></span> <span class='ocrx_word' id='word_1_465' title='bbox 1049 4537 1142 4589; x_wconf 71' lang='grc' dir='ltr'>τούτων</span> <span class='ocrx_word' id='word_1_466' title='bbox 1160 4535 1258 4590; x_wconf 74' lang='grc' dir='ltr'>ἐσθιέτω</span> <span class='ocrx_word' id='word_1_467' title='bbox 1276 4539 1291 4605; x_wconf 69' lang='grc' dir='ltr'>ἢ</span> <span class='ocrx_word' id='word_1_468' title='bbox 1309 4537 1405 4609; x_wconf 75' lang='grc' dir='ltr'>πινέτω,</span> 
     </span>
     <span class='ocr_line' id='line_1_47' title="bbox 256 4609 1406 4694; baseline 0.01 -27"><span class='ocrx_word' id='word_1_469' title='bbox 256 4609 308 4668; x_wconf 59' lang='lat' dir='ltr'><strong>iliis</strong></span> <span class='ocrx_word' id='word_1_470' title='bbox 325 4618 422 4689; x_wconf 79' lang='grc' dir='ltr'>μᾶλλον</span> <span class='ocrx_word' id='word_1_471' title='bbox 440 4617 463 4671; x_wconf 79' lang='grc' dir='ltr'><strong>οἱ</strong></span> <span class='ocrx_word' id='word_1_472' title='bbox 480 4619 598 4691; x_wconf 82' lang='grc' dir='ltr'>κληρικολ,</span> <span class='ocrx_word' id='word_1_473' title='bbox 616 4621 657 4672; x_wconf 84' lang='grc' dir='ltr'><strong>καλ</strong></span> <span class='ocrx_word' id='word_1_474' title='bbox 674 4617 697 4672; x_wconf 91' lang='lat' dir='ltr'><strong>ol</strong></span> <span class='ocrx_word' id='word_1_475' title='bbox 714 4621 758 4673; x_wconf 82' lang='lat' dir='ltr'><strong>aisn</strong></span> <span class='ocrx_word' id='word_1_476' title='bbox 776 4621 859 4683; x_wconf 77' lang='grc' dir='ltr'>αὐτοῖς</span> <span class='ocrx_word' id='word_1_477' title='bbox 877 4621 957 4674; x_wconf 85' lang='grc' dir='ltr'>πιστολ</span> <span class='ocrx_word' id='word_1_478' title='bbox 979 4617 1086 4692; x_wconf 76' lang='grc' dir='ltr'>ἀδελφοί.</span> <span class='ocrx_word' id='word_1_479' title='bbox 1122 4623 1161 4677; x_wconf 80' lang='lat' dir='ltr'><strong>sd</strong></span> <span class='ocrx_word' id='word_1_480' title='bbox 1179 4639 1256 4694; x_wconf 79' lang='lat' dir='ltr'><strong>quem</strong></span> <span class='ocrx_word' id='word_1_481' title='bbox 1274 4622 1406 4678; x_wconf 80' lang='lat' dir='ltr'><strong>Gauouesu</strong></span> 
     </span>
     <span class='ocr_line' id='line_1_48' title="bbox 257 4693 1407 4780; baseline 0.003 -22"><span class='ocrx_word' id='word_1_482' title='bbox 257 4693 364 4759; x_wconf 72' lang='lat' dir='ltr'><strong>B{lsumo</strong></span> <span class='ocrx_word' id='word_1_483' title='bbox 383 4705 486 4758; x_wconf 85' lang='lat' dir='ltr'><strong>scribit:</strong></span> <span class='ocrx_word' id='word_1_484' title='bbox 505 4705 656 4759; x_wconf 87' lang='lat' dir='ltr'><strong>Oblationes</strong></span> <span class='ocrx_word' id='word_1_485' title='bbox 673 4706 732 4760; x_wconf 88' lang='lat' dir='ltr'><strong>illas</strong></span> <span class='ocrx_word' id='word_1_486' title='bbox 750 4723 844 4778; x_wconf 80' lang='lat' dir='ltr'><strong>panem</strong></span> <span class='ocrx_word' id='word_1_487' title='bbox 862 4707 989 4762; x_wconf 85' lang='lat' dir='ltr'><strong>etriuum</strong></span> <span class='ocrx_word' id='word_1_488' title='bbox 1002 4723 1073 4774; x_wconf 85' lang='lat' dir='ltr'><strong>esse,</strong></span> <span class='ocrx_word' id='word_1_489' title='bbox 1091 4725 1124 4762; x_wconf 89' lang='lat' dir='ltr'><strong>ex</strong></span> <span class='ocrx_word' id='word_1_490' title='bbox 1137 4709 1232 4780; x_wconf 87' lang='lat' dir='ltr'><strong>quibus</strong></span> <span class='ocrx_word' id='word_1_491' title='bbox 1244 4715 1330 4780; x_wconf 88' lang='lat' dir='ltr'><strong>partes</strong></span> <span class='ocrx_word' id='word_1_492' title='bbox 1348 4711 1407 4763; x_wconf 88' lang='lat' dir='ltr'><strong>illas</strong></span> 
     </span>
     <span class='ocr_line' id='line_1_49' title="bbox 257 4789 1407 4866; baseline 0.005 -27"><span class='ocrx_word' id='word_1_493' title='bbox 257 4796 363 4859; x_wconf 76' lang='lat' dir='ltr'><strong>sumptae</strong></span> <span class='ocrx_word' id='word_1_494' title='bbox 380 4797 443 4844; x_wconf 89' lang='lat' dir='ltr'><strong>sunt</strong></span> <span class='ocrx_word' id='word_1_495' title='bbox 461 4791 571 4861; x_wconf 74' lang='grc' dir='ltr'>(μερίδας</span> <span class='ocrx_word' id='word_1_496' title='bbox 589 4795 677 4856; x_wconf 81' lang='lat' dir='ltr'><strong>vocat,</strong></span> <span class='ocrx_word' id='word_1_497' title='bbox 696 4793 734 4845; x_wconf 90' lang='lat' dir='ltr'><strong>uti</strong></span> <span class='ocrx_word' id='word_1_498' title='bbox 746 4791 838 4846; x_wconf 74' lang='lat' dir='ltr'><strong>(irasci</strong></span> <span class='ocrx_word' id='word_1_499' title='bbox 849 4789 931 4846; x_wconf 82' lang='lat' dir='ltr'><strong>ferme</strong></span> <span class='ocrx_word' id='word_1_500' title='bbox 943 4795 1144 4864; x_wconf 81' lang='lat' dir='ltr'><strong>consueverunt)</strong></span> <span class='ocrx_word' id='word_1_501' title='bbox 1162 4810 1256 4866; x_wconf 85' lang='lat' dir='ltr'><strong>quaes</strong></span> <span class='ocrx_word' id='word_1_502' title='bbox 1272 4794 1407 4850; x_wconf 84' lang='lat' dir='ltr'><strong>sacerdote</strong></span> 
     </span>
     <span class='ocr_line' id='line_1_50' title="bbox 259 4874 1407 4950; baseline 0.004 -23"><span class='ocrx_word' id='word_1_503' title='bbox 259 4881 435 4930; x_wconf 76' lang='lat' dir='ltr'><strong>enumerantur.</strong></span> <span class='ocrx_word' id='word_1_504' title='bbox 469 4874 508 4930; x_wconf 81' lang='lat' dir='ltr'><strong>Ex</strong></span> <span class='ocrx_word' id='word_1_505' title='bbox 536 4893 588 4947; x_wconf 91' lang='lat' dir='ltr'><strong>quo</strong></span> <span class='ocrx_word' id='word_1_506' title='bbox 612 4877 643 4930; x_wconf 90' lang='lat' dir='ltr'><strong>lit</strong></span> <span class='ocrx_word' id='word_1_507' title='bbox 669 4884 698 4931; x_wconf 89' lang='lat' dir='ltr'><strong>nt</strong></span> <span class='ocrx_word' id='word_1_508' title='bbox 723 4879 847 4948; x_wconf 85' lang='lat' dir='ltr'><strong>reliquiae</strong></span> <span class='ocrx_word' id='word_1_509' title='bbox 872 4879 945 4949; x_wconf 87' lang='lat' dir='ltr'><strong>ipsae</strong></span> <span class='ocrx_word' id='word_1_510' title='bbox 963 4879 1153 4950; x_wconf 86' lang='lat' dir='ltr'><strong>quodammodo</strong></span> <span class='ocrx_word' id='word_1_511' title='bbox 1171 4881 1329 4937; x_wconf 82' lang='lat' dir='ltr'><strong>sanctificate</strong></span> <span class='ocrx_word' id='word_1_512' title='bbox 1346 4881 1407 4946; x_wconf 87' lang='lat' dir='ltr'><strong>sint,</strong></span> 
     </span>
    </p>
   </div>
   <div class='ocr_carea' id='block_1_3' title="bbox 1212 4967 1257 5024">
    <p class='ocr_par' dir='ltr' id='par_1_3' title="bbox 1212 4967 1257 5024">
     <span class='ocr_line' id='line_1_51' title="bbox 1212 4967 1257 5024; baseline 0 -28"><span class='ocrx_word' id='word_1_513' title='bbox 1212 4967 1257 5024; x_wconf 61' lang='lat' dir='ltr'><strong>x.</strong></span> 
     </span>
    </p>
   </div>
   <div class='ocr_carea' id='block_1_4' title="bbox 0 0 1865 5642">
    <p class='ocr_par' dir='ltr' id='par_1_4' title="bbox 0 0 1865 5642">
     <span class='ocr_line' id='line_1_52' title="bbox 0 0 1865 5642; baseline 0 0"><span class='ocrx_word' id='word_1_514' title='bbox 0 0 1865 5642; x_wconf 95' lang='lat' dir='ltr'><strong> </strong></span> 
     </span>
    </p>
   </div>
  </div>
 </body>
</html>
