3650 5642
1238 607 1395 666 oomni

242 763 352 818 mos
361 763 425 818 fidoi
434 762 547 820 formuis
561 763 591 818 in
606 761 698 818 eodem
708 761 846 818 sirmiensi
860 761 957 834 oppido
975 762 1008 816 sb
1025 760 1144 828 limeis,
1156 761 1264 818 Vsleule
1281 763 1394 835 Osioque

242 849 364 920 prodiret,
379 865 448 919 quse
458 855 518 920 post
528 849 673 918 relegetum
682 848 820 914 llilsrium,
835 864 884 902 nec
898 848 978 917 longe
995 853 1055 902 cute
1067 847 1196 918 synodum
1206 849 1395 904 Ariminensem

243 934 305 988 edim
314 941 366 1000 est,
377 941 407 988 ut
416 951 451 988 ex
461 933 553 988 eodem
560 934 657 988 liilsrio
669 939 784 999 corsos,
795 937 1050 1004 nequepotestsnuo
1060 949 1175 990 occurri.
1185 933 1325 988 Sirmieuss
1334 951 1394 990 oon·
1418 971 1441 1010 9,
1449 959 1494 1002 ιη,

244 1020 325 1074 cilium
336 1020 392 1074 ullo
400 1019 479 1074 modu
488 1035 641 1088 congruere.

301 1105 442 1160 Neminem
450 1105 620 1160 uetustissimi
629 1105 724 1160 erroris
734 1103 800 1158 sdeo
811 1110 930 1159 muscum
941 1103 996 1158 fore
1008 1103 1123 1170 confido,
1140 1103 1186 1174 qui
1201 1121 1254 1158 non
1268 1109 1307 1158 tot
1318 1121 1395 1176 urgu-

243 1192 332 1244 mentis
341 1191 478 1245 conuictus
488 1196 593 1246 nostrae
603 1189 643 1246 illi
651 1207 706 1244 non
717 1190 834 1260 opinioni
847 1195 893 1244 sut
907 1189 1083 1254 coniecturis,
1099 1188 1145 1242 sed
1161 1189 1318 1244 certissimus
1329 1191 1395 1244 reri·

244 1278 285 1330 tati
297 1275 466 1347 suffrsgetnu
483 1275 599 1346 sdeoque
615 1273 780 1330 veliementer
796 1274 973 1345 obstupescat,
990 1274 1088 1328 nemini
1104 1273 1229 1330 hacteuus
1245 1277 1395 1330 mortalium

244 1367 291 1415 lem
299 1363 445 1416 immonem
454 1359 579 1416 historin
589 1361 676 1416 lsbem
690 1361 719 1416 in
730 1365 803 1414 muts
813 1360 989 1414 doctrinarum
1004 1360 1121 1414 omnium
1135 1360 1192 1414 luce
1209 1365 1333 1430 unisque
1349 1377 1395 1416 uu·

245 1447 334 1502 uslium
351 1452 381 1500 et
395 1445 574 1500 chronicorum
590 1445 667 1518 copis
682 1447 724 1500 rei
738 1446 871 1500 levissime
886 1445 1040 1502 suboluisse.
1063 1447 1101 1498 Ac
1118 1445 1213 1498 nostris
1230 1445 1336 1515 quidem
1353 1463 1395 1500 so·

245 1533 331 1586 cursds
341 1537 422 1602 etque
432 1530 539 1586 eruditis
549 1530 698 1586 hominibus
709 1531 795 1586 dsuds
804 1531 882 1586 renis
898 1535 950 1595 est,
967 1530 1012 1600 qui
1023 1529 1151 1594 Socratis,
1168 1529 1306 1584 Soromeni
1317 1537 1395 1602 etque

246 1617 526 1688 utiqnomnseerigls
541 1618 624 1672 secuti
639 1623 713 1682 suut,
729 1616 788 1670 iilos
804 1616 876 1686 ipsos
894 1615 988 1670 erroris
1005 1623 1108 1670 sutores
1125 1631 1156 1670 eo
1173 1615 1251 1668 duces
1268 1631 1395 1670 excusurs

245 1719 290 1755 non
299 1719 421 1772 possum,
438 1702 484 1773 qui
499 1702 644 1756 utiliorum
654 1709 800 1772 temporum
810 1700 947 1754 viciniores
959 1705 1044 1765 eruut,
1062 1701 1099 1754 sic
1112 1699 1144 1754 sd
1156 1717 1246 1754 eorum
1257 1701 1395 1772 exploren-

246 1786 445 1842 dsmdistorism
454 1785 862 1842 instructioresessedebuerunt
1075 1817 1082 1832 ·

302 1872 477 1943 Poetssqusm
485 1871 679 1926 firmsmeutum
689 1871 775 1942 ipsum
785 1869 868 1924 fuisse
878 1869 1035 1924 umetiouis
1053 1877 1078 1926 et
1093 1877 1172 1942 ceput
1186 1871 1338 1936 evertimus,
1354 1888 1394 1926 re·

247 1959 314 2027 iiqos,
324 1973 396 2028 quse
402 1955 464 2011 huic
473 1957 567 2012 innixs
577 1957 665 2012 minus
674 1955 774 2010 isbeut
782 1955 920 2020 momenti,
932 1955 1025 2010 erroris
1036 1973 1090 2010 non
1101 1957 1188 2010 minus
1200 1961 1291 2026 suapte
1302 1963 1394 2026 sponte

247 2043 317 2096 fructu
325 2041 511 2112 infirmisque
522 2042 665 2096 concident.
686 2040 822 2096 Eimmodi
835 2047 876 2095 est
886 2040 960 2111 qnod
968 2040 1000 2094 de
1010 2041 1163 2110 Ancyrsuue
1175 2041 1268 2112 synodi
1279 2047 1393 2111 tempore

248 2127 362 2194 delinitur,
373 2129 404 2182 iu
414 2127 527 2182 eundem
537 2143 637 2183 sunum
646 2126 768 2181 incidisse
780 2143 831 2196 quo
842 2125 969 2180 Photinus
980 2126 1008 2180 in
1020 2125 1156 2180 Sirmiensi
1167 2127 1275 2180 concilio
1287 2125 1393 2180 demos-

249 2220 284 2265 tos
291 2220 336 2278 esi,
346 2229 444 2284 nempe
454 2229 524 2267 suno
536 2227 652 2268 occurre.
686 2211 760 2275 Quod
771 2229 824 2265 nou
835 2210 913 2266 modo
924 2210 1020 2264 fulsum
1032 2217 1079 2278 eet,
1091 2212 1153 2282 quic
1163 2212 1242 2280 longe
1254 2217 1313 2264 ente
1324 2209 1394 2264 huno

249 2315 332 2352 moun
341 2298 515 2354 sirmiensem
524 2297 597 2352 illem
607 2295 737 2368 synodum
746 2297 903 2350 celebrstsm
919 2297 997 2366 puulo
1012 2301 1072 2350 sule
1088 2296 1235 2361 docuimus,
1253 2297 1298 2350 sed
1314 2297 1393 2350 etism

250 2383 307 2452 quod
316 2385 366 2438 etsi
375 2383 427 2438 hoo
437 2384 495 2455 ipso
507 2399 576 2436 suno
587 2388 691 2453 perscts
700 2383 748 2447 sit,
762 2399 816 2436 non
829 2387 916 2453 potest
926 2382 953 2434 iu
965 2381 1076 2436 eundem
1087 2383 1238 2451 Ancyrenus
1251 2389 1392 2436 conventus

250 2469 370 2523 incumers.
381 2469 508 2524 liicemm
517 2476 577 2522 autc
585 2468 682 2540 psschs
690 2467 834 2522 celebratus
842 2472 894 2532 est;
905 2465 975 2520 uude
987 2472 1013 2520 et
1022 2467 1138 2538 plerique
1151 2465 1184 2520 ob
1192 2464 1305 2520 hiemem
1315 2466 1393 2520 iutur-

250 2554 480 2624 dusiinsyuodios
487 2553 604 2626 Epistola
613 2553 742 2608 dicuutur.
757 2551 816 2607 lion
826 2553 912 2623 potuit
923 2553 1002 2623 igitur
1014 2551 1104 2606 eodem
1115 2567 1184 2605 suno
1194 2549 1342 2605 sirmiensis
1350 2568 1393 2620 sy·

251 2639 320 2693 nodus
328 2639 401 2705 fieri,
416 2640 469 2694 nisi
484 2640 654 2710 posteriorem
670 2637 738 2692 huno
750 2638 832 2692 fuisse
842 2639 920 2703 selis,
938 2637 1007 2708 quod
1023 2637 1102 2706 louge
1114 2643 1154 2690 est
1165 2635 1392 2702 obsurdissimum3

251 2723 614 2796 quosismsdoppugnsudsm
621 2723 790 2778 sirmiensem
798 2723 1022 2787 illsmformulsm,
1032 2737 1109 2792 quem
1121 2721 1148 2774 iu
1160 2721 1269 2776 concilio
1282 2723 1393 2776 couscri-

251 2814 311 2876 ptum
319 2810 480 2874 existimem
491 2809 629 2878 incursus
639 2814 680 2862 est
690 2807 805 2878 synodus
816 2809 930 2863 collects.
948 2806 1095 2872 Quinetiam
1106 2811 1245 2876 postquem
1257 2806 1320 2860 heco
1332 2806 1394 2862 fidel

252 2893 362 2961 professio
373 2896 453 2950 sllsts
462 2894 558 2949 sirmio
573 2899 626 2959 est,
642 2892 760 2948 nonnihil
776 2899 837 2948 cute
851 2893 991 2948 concilium
1003 2893 1169 2962 duoprsuum
1180 2893 1304 2962 temporis
1315 2893 1393 2946 iuter-

253 2980 323 3033 oessit.
353 2979 423 3036 tium
433 2979 546 3034 liilsriue
556 2979 602 3034 lib.
613 2979 644 3032 ds
655 2978 768 3049 anodis
778 2995 839 3050 psg.
848 2977 907 3032 329.
919 2977 1091 3034 occidentales
1107 2977 1241 3048 episcopos
1256 2977 1392 3042 oollsudst,

253 3064 309 3132 quod
323 3069 424 3120 ιὶκωι
439 3068 477 3120 od
491 3083 545 3120 me
560 3063 735 3118 eaeSr'rsss'ems‘
744 3067 837 3134 oppido
847 3065 1028 3134 infidelisfidee'
1038 3067 1191 3134 impietatem
1203 3059 1250 3116 riou
1261 3064 1332 3116 modo
1345 3081 1392 3116 sou

253 3155 411 3220 nminat,
419 3152 466 3204 ssd
475 3153 709 3204 melanesius·
717 3151 934 3218 ss'qsificotussqsc
943 3150 1113 3203 manassem.
1132 3147 1188 3211 Quo
1200 3163 1260 3202 oum
1272 3147 1391 3218 exemplo

253 3235 461 3304 persensissem
468 3235 606 3289 orientales
614 3234 928 3306 episcopusinducyrsuo
938 3232 1046 3286 concilio
1056 3233 1253 3300 irreliqiosorues
1263 3233 1392 3284 audaciae

254 3320 383 3386 qeedsrdo·
396 3325 577 3374 naussum
588 3337 692 3374 morsu
704 3321 813 3372 demtis
827 3319 1023 3372 oosouds'ss'esc.
1056 3316 1168 3370 Necesse
1185 3322 1226 3370 set
1241 3317 1328 3386 imque
1344 3317 1392 3370 uli·

254 3413 337 3472 qumis
345 3407 572 3477 postpubliostsm
579 3404 749 3460 sirmiensem
759 3400 850 3456 ἔκθεσιν
860 3402 1116 3474 spstiofnoyrsncm
1128 3401 1250 3456 sBssilio
1262 3401 1391 3471 synodum

255 3505 302 3544 esse
310 3491 454 3546 condstsm.
476 3490 543 3556 Quid
554 3489 625 3562 quod
635 3489 712 3544 Osius
722 3490 793 3560 ipse,
804 3505 822 3542 s
832 3505 883 3560 quo
895 3487 1005 3542 esndem
1016 3488 1088 3542 illem
1099 3486 1240 3558 profectum
1251 3486 1391 3542 formulam

256 3577 490 3642 sutorsniliisrlus,
500 3591 599 3630 nuum
608 3577 739 3646 integrum
747 3574 837 3630 sirmii
843 3577 960 3628 retentus
972 3578 1018 3638 est,
1030 3573 1181 3644 priusqusm
1192 3571 1225 3626 sd
1236 3587 1391 3626 eonsensum
1420 3617 1422 3624 .

256 3658 401 3730 elisum?
428 3660 513 3726 Qusre
523 3677 585 3716 eum
593 3677 648 3716 nou
658 3661 711 3714 uisi
720 3665 781 3732 post
790 3659 894 3714 lunium
904 3673 1023 3713 mensem
1033 3658 1095 3712 suni
1107 3672 1211 3712 cocum
1224 3655 1392 3712 consonum

257 3742 520 3818 tunimposueris,
531 3761 691 3817 oeusequeus
701 3751 741 3800 est
749 3761 818 3800 suno
826 3749 959 3816 sequente,
971 3743 1061 3798 eodem
1071 3743 1170 3798 circiter
1179 3749 1303 3814 tempore,
1313 3745 1393 3798 istem

257 3829 347 3885 silleio
357 3831 544 3903 professionem
553 3831 663 3886 Arisnos
674 3831 823 3886 extorsisse.
846 3830 925 3898 Atqui
937 3828 981 3882 diu
993 3833 1065 3894 sote,
1076 3829 1199 3882 nimirum
1210 3829 1260 3882 sub
1271 3828 1392 3898 pssohule

258 3916 355 3986 tenpus,
370 3917 488 3986 Ancym
504 3932 646 3972 conreuerc
663 3915 825 3971 semisrisni.
847 3913 926 3970 Vides
943 3919 1055 3984 qusutus
1067 3915 1101 3968 sit
1112 3913 1181 3984 opud
1191 3913 1250 3968 iilos
1262 3915 1391 3968 rationum

258 3997 311 4052 iuter
319 4018 374 4056 sese
382 4002 561 4072 sermonisque
571 4000 714 4057 condictus.
749 3999 803 4054 Sed
818 4016 854 4054 ex
869 4000 916 4065 iis,
933 4015 999 4070 quse
1013 4014 1092 4069 supro
1102 3998 1295 4064 constituimus,
1313 4013 1391 4068 quse·

259 4097 298 4150 ete
310 4087 384 4156 psuio
399 4092 461 4159 post
474 4085 611 4142 uectum
625 4091 699 4154 suut,
714 4091 824 4158 sppsret
838 4085 910 4140 eliud
926 4085 1079 4154 Ancyrsuse
1096 4082 1196 4153 synodo
1214 4088 1316 4156 tempus
1334 4098 1391 4136 esee

259 4169 410 4228 sinendum.

310 4255 360 4310 llec
369 4259 456 4312 minus
466 4257 536 4330 quod
546 4257 585 4312 illi
594 4262 650 4312 ism
659 4257 753 4312 uritur
760 4261 880 4328 puguant
886 4254 1000 4310 indidem
1012 4253 1145 4319 refellitur,
1156 4252 1287 4308 liberium
1295 4267 1392 4323 pspsm

260 4339 323 4406 pbri
331 4342 368 4396 ilii
376 4342 437 4397 fedei
446 4343 602 4414 professioni
612 4342 808 4413 subscripsisse,
825 4357 893 4411 quse
908 4341 937 4394 iu
948 4339 1083 4393 sirmiensi
1094 4338 1194 4408 synodo
1205 4345 1296 4394 oontrs
1306 4335 1392 4391 Photi·
1418 4373 1491 4425 m

260 4437 310 4478 sum
318 4433 356 4480 est
364 4429 466 4482 emises.
499 4427 600 4498 Quippe
610 4428 711 4497 sliquot
720 4427 797 4480 suuis
807 4443 862 4480 nou
872 4425 967 4480 liberii
979 4423 1054 4478 modo
1066 4425 1268 4489 restitutionem,
1279 4423 1325 4476 scd
1336 4423 1393 4477 eri-

261 4505 312 4563 lium
320 4512 563 4583 ipsumeotinisns
571 4512 703 4566 dcmnstio
711 4513 859 4583 prsecessit
874 4510 975 4564 iecerit
983 4509 1108 4576 liberius,
1120 4525 1209 4575 necue,
1221 4507 1290 4579 quod
1298 4507 1392 4564 fecisse

262 4593 357 4666 pinique
365 4604 480 4653 ueterum
490 4603 605 4668 petum,
622 4603 653 4651 ut
662 4595 832 4662 Atdsussim,
847 4597 1020 4664 Hieronymus
1031 4595 1126 4666 aliique
1137 4595 1314 4660 consentiunt,
1327 4593 1393 4650 nihil

263 4677 427 4738 *hesum
437 4683 639 4754 dispertitionem
649 4682 747 4736 eminet.
766 4681 870 4735 Etenim
879 4680 937 4735 fieri
947 4685 1040 4751 potest,
1052 4687 1150 4736 uicum
1160 4679 1276 4745 Urseoio,
1284 4679 1392 4734 Voleute

264 4767 389 4837 “reliqum
397 4769 501 4824 scisso
511 4768 741 4824 communicsrerit
751 4765 856 4838 quidem
866 4771 893 4819 et
903 4764 1075 4820 Athenssium
1086 4765 1255 4832 dsmusuemt,
1272 4766 1318 4822 ssd
1332 4765 1392 4820 ise·

264 4847 465 4925 &musco
473 4869 640 4927 nsqusqusm
648 4851 843 4924 subscripserit,
856 4850 1050 4908 mucescere
1064 4851 1143 4908 etism
1153 4851 1347 4924 comprobatum
1357 4850 1392 4906 sb
