3650 5642
427 574 529 633 um

427 733 513 800 καιροῦ
524 729 556 792 sle
568 724 647 801 ὄνομα
658 726 864 798 chrudimenses,
881 732 925 781 τοῦ
938 725 1089 798 ἀποστρέψαι
1100 725 1148 780 ἀπο
1161 729 1203 796 τῆς
1214 725 1333 780 πολυόέου
1346 724 1493 795 φαντασίας,
1511 723 1547 776 καὶ
1556 723 1581 774 τὰ
1615 709 1616 776 i

427 813 482 868 κατ’
494 813 548 878 ἔτος
559 814 642 876 αὐτοῖς
654 816 769 886 γινόμενα
779 811 810 875 εἰς
823 811 908 866 ἑαυτὸν
922 811 1078 884 μεταλλάξαι.

494 900 541 953 Kal
558 900 624 970 τοίγε
641 899 743 951 πολλῶν
760 900 849 951 όυσιῶν
866 901 922 952 τότε
939 897 1162 971 προςενεχθεισῶν]
1185 897 1251 952 Toto
1268 897 1311 951 illo
1329 897 1428 968 spatio,
1446 913 1498 971 quo
1511 895 1536 948 in
1547 894 1582 946 de-
1615 927 1616 932 =

426 991 495 1040 serto
507 985 640 1038 Israeliten
652 986 748 1039 uersati
760 991 832 1052 sunt,
851 1001 926 1038 sacra
938 985 1040 1056 quidem
1058 985 1182 1038 obtulisse
1200 983 1247 1037 deo
1264 988 1339 1055 putat
1353 981 1530 1054 Epiphanius,
1545 979 1583 1032 sed
1615 981 1616 994 ¹

427 1072 497 1142 quod
508 1087 540 1124 ea
550 1089 597 1141 per
608 1088 665 1125 sese
677 1072 783 1124 minime
794 1071 844 1142 ipsi
855 1071 997 1142 placerent,
1014 1069 1135 1140 quodque
1152 1075 1182 1122 ut
1197 1070 1230 1122 ab
1248 1067 1394 1122 idololatria
1408 1085 1457 1121 eos
1469 1071 1585 1119 auerteret

340 1179 362 1219 ρ.
372 1168 403 1209 sn
428 1158 524 1228 potius,
536 1174 616 1228 quam
628 1157 697 1228 quod
709 1157 759 1210 illis
772 1156 927 1222 afficeretur,
940 1155 1026 1209 offerri
1039 1155 1088 1209 sibi
1099 1172 1192 1226 passus
1204 1159 1282 1220 esset,
1293 1154 1350 1208 ideo
1362 1169 1463 1224 negare
1473 1153 1522 1205 sibi
1530 1150 1585 1203 baec

428 1243 515 1295 oblata
525 1241 607 1295 fuisse
618 1260 665 1313 per
675 1241 828 1313 prophetam
841 1243 982 1296 existimat.
1005 1241 1038 1294 At
1049 1241 1152 1294 Eie'rou.
1165 1258 1259 1295 comm.
1272 1240 1304 1292 ed
1317 1241 1396 1293 Amos
1409 1237 1503 1292 scribit
1513 1235 1586 1289 lsrai-

426 1328 486 1381 litas
499 1333 554 1381 toto
566 1328 611 1381 illo
624 1344 675 1398 quo
687 1330 714 1381 iu
725 1327 826 1381 deserto
838 1327 943 1381 inerunt
954 1332 1070 1398 tempore
1082 1343 1135 1380 non
1147 1325 1208 1392 deo,
1226 1324 1272 1378 sed
1287 1325 1363 1378 idolis
1374 1325 1535 1378 immolasse.
1558 1321 1587 1372 Er

427 1416 493 1484 quod
504 1423 608 1484 posteo,
626 1414 723 1484 inquit,
740 1415 864 1482 ρυαειὶσιπ
882 1414 979 1465 domitto
998 1431 1038 1465 eos
1055 1413 1159 1482 leqe'oms
1175 1413 1306 1474 obtulisse,
1326 1430 1374 1463 πονν
1392 1399 1533 1472 uoluntate,
1549 1409 1588 1459 aed

422 1517 562 1568 poenorum
571 1503 688 1564 fecerant
698 1508 763 1551 meta
778 1510 803 1552 et
819 1517 902 1552 eorum
915 1503 1090 1568 intersectione
1102 1501 1145 1568 qni
1151 1506 1260 1568 propter
1271 1497 1342 1550 idolo
1354 1505 1515 1548 corruerunt.
1541 1493 1586 1544 Do

425 1588 508 1636 miuus
519 1594 601 1637 autem
614 1604 661 1638 non
673 1604 705 1637 ea
717 1604 781 1654 quae
792 1587 939 1654 offeruntur,
952 1586 998 1636 scd
1008 1585 1160 1636 volarttatem
1172 1579 1455 1652 respicit'offerenta‘um.
1482 1579 1586 1649 cyrillus

426 1687 487 1724 uero
506 1669 538 1722 ad
550 1690 574 1725 ν.
587 1687 643 1742 cap.
656 1671 736 1722 Amos
753 1669 791 1722 ita
807 1669 910 1734 statuit,
929 1669 1033 1722 demum
1049 1669 1076 1721 in
1092 1667 1155 1721 illud
1171 1667 1300 1721 duntaxat
1317 1673 1420 1739 tempus
1438 1661 1588 1720 celebranda

426 1757 623 1826 praescripsisse
635 1755 776 1820 sacrificia,
788 1772 840 1825 qno
852 1754 1009 1825 promissam
1021 1759 1116 1807 terram
1129 1759 1297 1824 occuparent,
1315 1751 1360 1806 sed
1372 1753 1432 1807 illos
1444 1769 1495 1805 uec
1508 1754 1586 1820 postn-

426 1842 496 1895 lante
508 1859 557 1894 nec
569 1847 674 1894 curante
687 1841 734 1893 deo
747 1841 774 1894 in
787 1839 888 1892 deserto
900 1838 1068 1894 nibilominus
1082 1839 1214 1893 obtulisse.

493 1924 562 1987 Ἐως
575 1925 752 1996 patellam]
775 1924 833 1978 For.
847 1922 996 1995 μεταλλάξῃ.

494 2009 599 2082 Ἔλεγχ.
613 2008 645 2081 ιγ’
655 2010 695 2062 παλ
704 2009 753 2062 ια’.
762 2011 803 2062 ἵνα
812 2009 854 2061 τ“ον
864 2009 1018 2080 Ἐπιμενόδην
1029 2009 1113 2080 δείξῃ]
1136 2009 1246 2062 Mithrae
1258 2009 1418 2063 sacerdotem
1430 2007 1502 2062 huuc
1514 2005 1587 2059 tuine

426 2098 516 2151 scribit
527 2095 700 2167 Epiphanius,
717 2095 785 2166 quod
803 2097 872 2167 apud
888 2097 1024 2150 Cretenses
1041 2095 1139 2149 idolum
1156 2095 1241 2151 inerit.
1266 2093 1339 2158 Quod
1355 2095 1424 2166 apud
1442 2095 1524 2148 alium
1541 2107 1585 2143 non

426 2182 534 2236 memini
545 2183 645 2252 legere,
657 2199 741 2252 neque
753 2199 843 2235 uerum
855 2183 972 2236 arbitror.
995 2183 1033 2236 De
1045 2181 1175 2252 prouerbii
1185 2181 1255 2234 illius
1268 2177 1372 2250 origene
1385 2179 1478 2250 Κρῆτες
1491 2177 1525 2230 o'sl
1538 2177 1586 2246 ψεῖ»

427 2285 494 2337 σται,
507 2267 565 2321 ride
577 2267 697 2321 Photium
709 2285 734 2320 n.
748 2283 821 2332 cxc,
832 2284 894 2339 pag.
908 2267 966 2322 249.

493 2352 555 2424 Pag.
568 2353 626 2406 374.
647 2353 677 2407 A.
698 2353 827 2422 asperitato
840 2352 866 2406 δὲ
879 2351 902 2405 ἐν
915 2357 951 2424 τῷ
964 2350 1040 2425 ἰδίῳ]
1063 2352 1101 2408 De
1113 2347 1232 2424 Epistola
1243 2351 1275 2404 ad
1286 2351 1460 2406 laodicenses
1473 2353 1587 2404 accurate

427 2438 542 2511 disputat
552 2439 641 2493 Baron
653 2456 677 2493 a.
686 2456 730 2494 nx.

569 2593 615 2645 AD
632 2592 805 2646 HAEEESIM
821 2593 927 2658 XLIV.,
946 2591 1035 2658 QUAE
1052 2593 1117 2646 EST
1133 2591 1447 2646 APPELLEIANOEUM

493 2695 531 2749 De
543 2695 632 2766 Apelle
643 2695 764 2748 meminit
774 2695 841 2749 inter
853 2697 918 2750 alios
930 2695 1058 2750 Paciauus
1070 2695 1151 2766 Epist.
1162 2715 1179 2752 ι.
1199 2695 1279 2750 Cuius
1291 2701 1318 2748 et
1328 2691 1498 2766 corrigendus
1510 2691 1585 2750 locus,

425 2782 453 2835 in
471 2797 522 2852 quo
539 2776 705 2834 Marcionime
717 2782 936 2852 Apollinariacos,
953 2781 1133 2854 Cataphrygas
1148 2787 1174 2836 et
1189 2782 1350 2836 Noratianos
1368 2785 1493 2834 recenset
1528 2775 1584 2843 leg·

426 2866 611 2938 Appelleionos
621 2883 668 2937 pro
680 2866 900 2936 Apollinariucoa.

493 2949 526 3006 N.
538 2969 555 3005 r.
576 2951 617 3003 ἵνα
628 2950 781 3021 πανταχόθεν
794 2949 892 3023 ἑαυτῷ]
916 2951 979 3024 Leg.
992 2949 1087 3020 ἑαυτόν,

689 3105 735 3160 AD
752 3104 927 3160 EAERESIM
943 3105 1036 3172 XLV„
1054 3105 1328 3162 SEVERIANORUM.

493 3207 526 3264 N.
538 3227 566 3265 u.
590 3205 672 3262 ’λλλὰ
681 3209 721 3263 καὶ
734 3207 757 3262 ol
768 3207 925 3280 ἀπόστολοι]
949 3209 1033 3266 locus
1046 3216 1118 3266 extat
1129 3211 1156 3264 in
1169 3226 1191 3265 c.
1200 3229 1225 3276 1,
1237 3209 1255 3264 l.
1265 3229 1282 3264 r.
1295 3209 1403 3266 Constit

707 3365 752 3419 AD
770 3365 945 3420 EAERESIM
961 3365 1067 3431 XLVI.,
1083 3363 1313 3419 TATIANORUM.
1377 3378 1383 3392 ·

493 3467 525 3522 N.
535 3487 553 3522 ι.
573 3467 617 3537 Τῷ
627 3465 675 3519 ἀπο
685 3467 844 3538 Σαμαρειτῶν
854 3467 885 3529 εἰς
894 3467 997 3538 Χριστόν
1008 3469 1196 3534 πεπιστευκότο]
1214 3467 1330 3538 Scaliger
1342 3467 1375 3520 ad
1382 3465 1489 3520 Eusebii
1498 3463 1585 3520 (ihren.

426 3567 450 3606 a.
464 3567 589 3605 uucnrn:
608 3553 704 3616 Errat,
716 3553 813 3623 iuquit,
826 3553 1002 3623 Epiphanius,
1015 3557 1058 3624 qui
1069 3573 1086 3605 a
1097 3552 1237 3606 Samarites
1249 3555 1286 3606 nd
1297 3551 1457 3605 Christianos
1470 3553 1586 3606 Iustinum

426 3640 558 3690 τναποιϊυσο
569 3639 667 3693 scribit.
692 3637 765 3690 Certe
777 3642 841 3689 carim
851 3637 994 3691 Samarites
1007 3657 1054 3690 νιοο
1067 3649 1135 3702 erut,
1152 3641 1199 3691 ssd
1208 3637 1393 3692 Samariense:
1410 3655 1550 3708 quanquam
1567 3641 1587 3684 et

424 3720 567 3773 Samarites
576 3724 658 3785 domo,
671 3740 719 3773 non
728 3724 862 3790 relzyione,
875 3725 1025 3792 dicipotest.
1049 3723 1174 3778 Caussam
1187 3723 1274 3789 affert,
1286 3723 1356 3794 quod
1368 3722 1585 3776 Samaritanorum

425 3807 577 3878 religionem
588 3807 695 3859 minime
707 3807 742 3860 sit
753 3812 871 3873 secutus,
883 3807 929 3860 sed
940 3808 1096 3864 Graecorum
1110 3809 1287 3880 superstitioni
1298 3805 1447 3862 inhaeserit.
1467 3807 1527 3860 ideo
1539 3820 1586 3858 non

424 3909 484 3946 vere
496 3892 527 3944 de
540 3908 570 3944 eo
583 3891 632 3944 dici
644 3893 741 3963 potuit,
754 3889 801 3944 ἀπο
815 3892 972 3963 Σαμαρειτῶν
982 3891 1013 3954 εἰς
1022 3893 1125 3966 Χριστόν
1138 3893 1330 3963 πεπιστευκέναι,
1343 3893 1389 3946 sed
1401 3889 1443 3962 ἀρ’
1455 3891 1586 3958 Ἑλλήνων.

425 3977 477 4031 Sed
488 3977 512 4029 si
523 3976 673 4046 Σαμαρείτης
682 3977 774 4043 domo,
789 3995 842 4032 uon
860 3979 998 4052 religione,
1016 3979 1066 4034 dici
1082 3979 1166 4052 potuit
1177 3979 1306 4044 lustinus,
1323 3995 1369 4032 our
1380 3995 1433 4032 non
1445 3975 1494 4030 οἰπο
1507 3977 1586 4046 Σαμα-

426 4063 509 4134 ρειτῶν
526 4061 664 4116 crcdidisse
680 4063 730 4117 dici
748 4065 860 4136 potuerit
875 4081 930 4118 non
941 4063 1030 4131 uideo,
1052 4064 1101 4118 boc
1120 4069 1160 4118 est
1176 4081 1189 4120 e
1208 4063 1432 4118 Samaritanorum
1448 4057 1544 4134 populo
1559 4073 1585 4110 νῦ

425 4149 538 4203 civitate.

493 4231 549 4286 ’Enl
558 4231 694 4285 Ῥωστυιοῦ
706 4232 838 4305 ἡγεμόνος,
852 4235 891 4287 καλ
905 4231 1052 4306 Ἀδριανοῦ]
1071 4235 1211 4290 Manifesta
1223 4239 1262 4289 est
1271 4233 1439 4288 hallucinatio
1452 4233 1585 4304 etquidem

425 4319 529 4389 duplex.
552 4317 620 4372 Nam
631 4335 716 4388 neque
727 4319 841 4375 Adriano
853 4322 997 4393 imperante
1008 4327 1127 4376 mortuus
1145 4327 1186 4374 est
1196 4321 1324 4386 lustinus,
1342 4321 1388 4373 sed
1400 4320 1435 4373 M.
1445 4319 1548 4372 Aurelio
1564 4319 1586 4368 et

424 4402 453 4456 1..
460 4405 541 4469 Vero,
558 4410 587 4458 ut
598 4404 726 4458 Eusebius
738 4407 831 4460 asserit
846 4407 864 4460 l.
877 4425 911 4461 ιν.
924 4405 1021 4462 Eccles.
1035 4407 1101 4462 llist.
1119 4425 1140 4460 c.
1154 4425 1210 4471 ru,
1228 4409 1254 4459 et
1271 4405 1408 4459 tricenario
1420 4405 1503 4458 maior
1515 4401 1586 4457 inerit

426 4495 540 4560 oportet,
558 4496 587 4542 nt
603 4507 636 4542 ex
648 4491 771 4560 temporis
784 4493 896 4557 ratione,
914 4509 966 4563 quo
979 4493 1120 4563 Apologias
1132 4509 1179 4563 pro
1192 4489 1345 4546 Christianis
1363 4491 1456 4556 edidit,
1473 4497 1584 4544 constare

424 4579 519 4644 potest.
538 4575 692 4646 Quanquam
704 4574 808 4629 difficile
820 4583 860 4630 est
871 4584 984 4630 statuere
998 4577 1164 4647 quandonam
1176 4577 1247 4641 illae,
1261 4583 1306 4630 aut
1314 4593 1365 4648 quo
1378 4577 1483 4630 demum
1494 4575 1584 4634 ordine,

336 4690 357 4729 ρ,
366 4677 399 4718 aa,
425 4659 535 4730 scriptae
551 4661 612 4716 sint.
645 4661 772 4714 Eusebius
787 4662 853 4715 libro
870 4663 936 4718 Eiet.
948 4681 982 4717 rr.
1001 4662 1065 4716 duas
1083 4663 1188 4716 omnino
1206 4662 1342 4732 scripsisse
1359 4661 1488 4716 lustinum
1505 4661 1583 4714 reiert

426 4743 541 4807 Quarum
558 4747 671 4816 priorem
682 4747 813 4802 Antonino
825 4748 871 4802 Pio
884 4749 992 4817 obtulit,
1009 4753 1040 4802 ut
1051 4764 1169 4820 capum.
1182 4752 1208 4800 et
1220 4765 1244 4802 x.
1257 4753 1374 4803 testatur.
1397 4745 1450 4802 Ubi
1461 4747 1538 4800 etiam
1548 4745 1583 4799 Iu·

426 4830 489 4885 otini
499 4831 579 4886 rerba
590 4833 717 4904 quaedam
729 4849 762 4889 ex
779 4848 822 4902 ea,
839 4849 906 4905 quae
921 4831 1036 4888 secunda
1047 4837 1203 4899 numeratur,
1220 4833 1349 4904 Apologia
1360 4831 1434 4898 citat,
1451 4831 1479 4886 iu
1496 4831 1583 4902 quibos
