3650 5642
1218 589 1399 648 cclxxxm

244 741 442 814 seriptsValeus
453 743 485 798 ad
494 745 683 800 Ariminensem
693 745 823 815 synodum
834 761 892 800 eam
904 745 1002 812 detulit,
1015 761 1082 816 quse
1092 743 1141 800 hoo
1152 761 1220 800 auno
1232 746 1265 800 nb
1275 744 1398 800 Occiden·
1423 769 1444 810 ρ.
1452 755 1499 802 sto.

245 829 337 882 talibus
346 826 454 895 babits,
462 847 524 884 eum
534 830 678 885 Orisntsles
689 830 822 884 Seleuciae
832 831 861 884 in
871 831 971 884 hauris
982 831 1171 884 conuenissent.

307 909 353 966 ’lix
364 914 492 984 διαφόρων
503 912 648 987 leonide]
676 917 815 985 inmane
824 917 876 970 isla
885 915 1001 984 synodus
1012 931 1066 970 non
1077 932 1094 968 s
1105 916 1168 970 solis
1178 915 1244 979 illis,
1255 915 1300 986 qui
1311 915 1344 970 ad
1355 933 1399 970 en·

246 999 329 1052 osenia
344 1006 536 1066 convenerant,
551 1001 681 1072 episeopis
696 1000 787 1055 bubits
802 1005 855 1065 est,
872 1000 918 1054 sed
933 1001 977 1054 alii
992 1005 1125 1071 praeterea
1140 999 1279 1054 adfuerunt
1291 1001 1400 1056 aliarum

246 1084 435 1153 prouinciarum
449 1086 577 1156 episcopi,
592 1087 664 1139 selus
676 1084 827 1140 limtatbius
838 1085 974 1139 Ssbastiae
991 1087 1018 1139 in
1029 1085 1163 1151 Armenle3
1180 1086 1296 1156 plerique
1313 1091 1401 1142 autem

246 1167 331 1222 biennis
343 1167 500 1224 difficultate
509 1171 644 1224 interclusi
654 1176 724 1224 suut

305 1253 354 1305 Καὶ
364 1249 398 1306 τὰ
409 1252 449 1307 ixl
459 1259 503 1322 τῆς
514 1254 812 1324 Κωνσοονοονονοίλοως.]
846 1256 909 1310 Post
925 1256 1034 1310 eoncilia
1044 1255 1107 1325 Tyri
1123 1271 1154 1310 so
1165 1256 1351 1326 Hierosolymis
1367 1256 1401 1312 ab

247 1339 344 1392 duisme
355 1340 504 1406 celebrate,
513 1355 574 1394 eum
584 1339 741 1395 Athanasius
753 1339 952 1395 Gonsmutinum
964 1341 1082 1405 edisset,
1094 1339 1171 1394 buius
1183 1341 1263 1395 literis
1275 1341 1401 1396 Curemu-

248 1425 379 1495 duspolim
389 1425 467 1478 soriti
476 1431 540 1480 sunt
549 1426 676 1498 episcopi,
693 1441 804 1496 quorum
816 1441 895 1496 opera
904 1426 1021 1496 relegato
1032 1426 1060 1479 in
1073 1424 1171 1480 Galliss
1179 1424 1321 1482 dlhaussio
1332 1427 1402 1482 ilar·

248 1510 320 1562 sellus
336 1509 485 1580 deponitur.
507 1509 572 1564 Vide
587 1510 722 1565 Soeratom
738 1511 783 1564 lib.
793 1528 813 1566 1.
829 1527 887 1582 esp.
898 1527 975 1566 nrm.
1010 1510 1084 1574 Quod
1100 1526 1169 1564 suno
1180 1523 1323 1567 cccxxxvi.
1340 1527 1401 1566 con·

248 1594 331 1663 n'giess
342 1595 437 1648 scribit
445 1593 582 1649 beronice.

307 1677 366 1732 ’lissi
376 1682 431 1740 τοῖς
441 1677 569 1751 ίγπονίονς
579 1683 622 1747 τῆς
633 1679 658 1732 ἐν
669 1678 825 1752 ’benonim
858 1680 898 1734 De
908 1679 960 1734 bso
972 1679 1072 1750 synodo
1083 1680 1187 1750 legendi
1198 1680 1337 1736 Batoniani
1348 1681 1401 1736 Au·

249 1764 313 1816 mles
324 1780 395 1818 anno
407 1780 516 1821 occasu

307 1848 353 1900 liri
361 1849 512 1920 μιτᾶποοα
519 1850 729 1920 maimonem]
741 1851 921 1905 sndesnssm
929 1851 1059 1920 synodum
1067 1867 1120 1906 non
1128 1853 1320 1906 oecumenicam
1328 1852 1401 1906 illam

250 1941 272 1986 et
280 1933 433 1988 eatbolieam
443 1935 604 2005 intelligunt,
620 1938 649 1990 iu
659 1952 713 2006 qua
723 1935 880 1990 Athsnesius
890 1936 1038 2002 restitutus,
1050 1937 1166 1991 damnali
1175 1953 1237 1991 sero
1248 1937 1337 1990 Ariani
1348 1937 1400 2008 epi·

251 2020 324 2090 erpi,
335 2020 384 2074 sed
394 2019 596 2074 conciliabulum
605 2021 696 2076 eodem
706 2026 824 2092 tempore
836 2021 870 2075 sb
881 2021 983 2075 Arionis
995 2020 1121 2092 Philippis
1132 2023 1159 2076 in
1168 2021 1277 2078 Tbreoiu
1288 2023 1400 2078 celebre·

251 2111 310 2168 tum,
323 2105 395 2174 qnod
405 2103 569 2159 Sardiesusis
579 2107 685 2160 nomine
696 2106 869 2160 venditarunt
892 2105 972 2160 liuius
985 2107 1115 2161 decretum
1127 2113 1201 2161 extat
1210 2109 1238 2162 in
1248 2107 1401 2178 fragmentis

252 2189 331 2242 llilarii
350 2189 386 2244 ad
401 2189 540 2244 Airieanos
555 2192 692 2262 episcopos
707 2193 826 2246 missum
860 2191 1021 2246 Sosomems
1037 2193 1082 2246 lib.
1096 2209 1134 2248 ns.
1151 2209 1208 2262 esp.
1219 2209 1245 2246 x.
1262 2199 1337 2246 sutor
1353 2199 1401 2258 eet,

253 2276 412 2329 consitutum
421 2276 451 2330 in
461 2291 494 2328 ss
504 2277 605 2346 synodo
616 2278 650 2330 ab
659 2277 762 2331 Anienis
774 2293 840 2343 ποο,
851 2278 890 2331 uti
897 2278 1123 2330 comissantium
1134 2276 1290 2330 rooebulum
1301 2295 1318 2331 s
1328 2279 1401 2332 nullo

254 2357 361 2431 ίοὶοοομο
372 2367 552 2431 usurparetur.
576 2363 644 2416 Tum
655 2362 792 2416 dementes
803 2379 849 2416 eos
861 2364 907 2433 qui
917 2368 969 2416 tres
982 2361 1043 2415 deos
1061 2377 1119 2416 esse
1131 2361 1257 2426 dicerent,
1275 2363 1316 2416 rel
1328 2361 1401 2416 illuri·

254 2450 312 2498 stom
321 2453 451 2517 negarent
460 2447 552 2513 deum,
567 2453 614 2502 eut
622 2447 734 2502 eundem
745 2463 804 2501 οπο
814 2453 927 2518 petrem,
938 2447 1021 2502 lilium
1032 2453 1059 2500 et
1070 2446 1189 2517 spiritum
1200 2451 1320 2500 unctum
1330 2462 1401 2502 esse·

253 2536 337 2595 rme,
354 2537 488 2602 pestremo
505 2533 552 2603 qui
561 2532 644 2586 inisse
655 2539 758 2604 tompus
770 2534 954 2603 saeculumque
968 2532 1113 2597 crederent,
1131 2547 1182 2602 quo
1199 2531 1315 2586 nondum
1331 2531 1401 2586 lilius

254 2615 373 2670 sxbterst.
408 2617 529 2672 Sueratm
544 2635 605 2672 seeo
620 2619 665 2672 lib.
673 2637 704 2674 u.
716 2635 775 2688 cap.
783 2635 828 2672 xx.
839 2618 871 2672 de
885 2618 978 2672 iisdem
994 2631 1089 2687 agens,
1107 2616 1152 2669 llud
1169 2617 1291 2686 paropsis,
1309 2617 1402 2687 inquit,

254 2696 329 2751 bele
338 2701 369 2753 sb
381 2701 427 2772 μίν
438 2699 571 2773 ίμοονίσοον
582 2702 795 2773 δναίομοοίζοοοο,
813 2702 856 2770 τὴν
873 2701 900 2756 oi
917 2707 961 2755 τοῦ
979 2698 1095 2773 ἀνομοίου
1114 2701 1186 2762 δόξαν
1201 2697 1329 2763 intercide
1341 2719 1401 2773 eop-

255 2783 376 2855 ppddsseae
393 2791 524 2858 mque
539 2787 730 2858 dsesdpnossus:
756 2787 1191 2857 compertumcompertnm
1201 2805 1284 2840 οοοοονν
1296 2787 1401 2842 uncile-

256 2881 311 2923 aote
321 2874 456 2936 dumosi,
467 2877 607 2942 opinionon
617 2891 691 2939 οοοο,
708 2873 852 2944 poodfiliss
857 2877 935 2943 posse·
946 2873 1076 2926 dissimilis
1087 2881 1162 2936 esset,
1176 2889 1226 2942 per
1237 2873 1327 2926 literne
1337 2876 1402 2926 scri·

254 2964 305 3022 ptos
313 2957 402 3026 adipes
411 2959 577 3010 ποοοονίοοοο
588 2969 730 3028 οοομοοοοο.
761 2959 836 3012 ltane
849 2973 940 3011 serum
957 2963 997 3011 eet
1014 2957 1056 3010 rel
1071 2956 1236 3010 anstbemate
1253 2957 1402 3012 domnion

257 3043 578 3106 ποιοίνοοοοίαίίοοοοοοο,
588 3043 831 3097 rslAnomoeorum
839 3043 936 3112 dogms
944 3049 1001 3096 tum
1009 3042 1042 3095 ab
1051 3043 1155 3096 Arianis
1162 3041 1245 3096 fuisse
1253 3041 1402 3098 decretum?

257 3122 303 3177 luo
311 3141 370 3180 seso
379 3125 480 3180 ialsnsn
490 3132 540 3182 sat
558 3126 617 3181 Non
628 3129 710 3192 sulm,
722 3129 822 3199 opinor,
833 3127 991 3181 Semiariani
1001 3131 1045 3179 τοῦ
1057 3124 1173 3198 ἀνομοίου
1185 3143 1273 3182 osores
1284 3129 1403 3184 ommni

258 3207 323 3264 bdsm
331 3212 360 3266 'm
370 3213 418 3266 illa
428 3211 528 3282 synodo
537 3211 688 3266 refloruisse
701 3213 827 3276 diremi,
844 3213 869 3266 si
884 3213 912 3266 in
930 3229 962 3266 es
979 3212 1049 3266 istud
1064 3213 1164 3283 ipsum,
1181 3213 1254 3266 cuius
1271 3213 1403 3268 evertendi

258 3309 338 3350 οονοοο
346 3303 535 3363 eonsensrsnt,
550 3298 716 3367 merllegiom
727 3299 887 3368 publicatum
898 3303 975 3353 esset.
1010 3297 1078 3350 Nem
1089 3297 1159 3368 quod
1169 3297 1202 3350 ed
1214 3294 1346 3368 ίμοοοοίον
1356 3315 1402 3352 νο-

259 3393 305 3433 οοιο
319 3383 423 3448 minei,
439 3389 541 3436 eertum
556 3389 597 3436 sst
612 3399 671 3437 eam
689 3384 792 3452 quidem
808 3383 836 3436 iu
853 3382 1001 3436 Surdicensi
1017 3382 1216 3453 pseudosynodo
1227 3399 1402 3454 suppressam,

259 3479 302 3518 sos
311 3473 396 3522 brnen
405 3466 573 3522 auatbsmsts
583 3468 741 3524 damnum.
774 3467 988 3539 Quendoquidem
1005 3469 1032 3522 in
1050 3469 1157 3522 caeteris
1168 3468 1323 3522 Arianorurn
1341 3485 1402 3523 oon·

259 3553 377 3620 vestibus,
387 3553 434 3623 qui
445 3561 537 3623 postea
546 3553 680 3608 subsecuti
690 3560 765 3618 sunt,
775 3554 879 3607 tametsi
889 3553 1119 3608 consubstantialis
1131 3554 1270 3624 appellatio
1282 3554 1340 3624 ipsa
1350 3554 1402 3610 dis·

260 3634 367 3692 inmte
376 3640 422 3703 sit,
437 3653 492 3691 non
501 3643 591 3692 tamen
600 3640 639 3692 lta
648 3638 796 3710 repudiate,
811 3644 842 3691 nt
852 3636 1014 3693 anathemati
1030 3639 1206 3704 subiiceretur,
1220 3637 1266 3692 sed
1277 3645 1403 3710 tauquam

261 3719 388 3791 simplicius
403 3739 436 3776 ae
450 3727 553 3794 prester
566 3740 717 3795 expressum
728 3739 862 3777 sacrorum
878 3725 1004 3778 libemus
1020 3725 1186 3778 autoritatem
1201 3731 1327 3795 ueorpsse
1341 3741 1402 3796 sup·

260 3805 324 3871 prini
332 3807 469 3862 iuberetur.
492 3807 550 3872 Quo
561 3809 640 3863 οίίοοο
650 3809 715 3862 illud
725 3814 834 3880 speetst,
852 3809 921 3879 quod
932 3827 1011 3880 suprs
1023 3827 1057 3864 ex
1068 3809 1180 3879 Sulpitio
1191 3811 1403 3864 commemorari·

261 3903 319 3956 nos,
328 3893 436 3948 domnos
448 3893 482 3946 ad
491 3893 643 3948 sirmiensis
654 3911 738 3964 usqne
748 3895 852 3948 consilii
862 3901 981 3965 tempore
997 3895 1111 3948 noudum
1125 3899 1213 3963 operte
1224 3893 1331 3950 Nisseni
1341 3913 1402 3952 oon·

261 3974 304 4028 tilii
312 3977 411 4031 desueta
421 3993 573 4049 oppugnare
584 3994 664 4033 ausos
674 3995 747 4044 οπο,
758 3979 828 4048 quod
838 3979 955 4050 proiecto
963 3979 1093 4043 lucerent,
1104 3980 1127 4032 si
1138 3995 1191 4032 non
1203 3979 1289 4034 solum
1300 3977 1329 4032 rb
1343 3978 1402 4048 dpe-

263 4058 329 4112 οίοοον
338 4062 502 4118 malbemste
512 4063 676 4130 damnarent,
691 4080 781 4118 rerum
798 4065 877 4118 etiam
893 4063 1045 4117 dissimilem
1062 4079 1120 4116 esse
1135 4063 1217 4133 putris
1228 4064 1311 4120 filium
1322 4065 1401 4120 libere

263 4152 384 4218 mumque
398 4150 608 4219 pronunciarent
637 4149 729 4219 Itaque
740 4149 886 4204 Sosomsno
901 4149 988 4220 potius
1000 4147 1191 4202 mutiendum
1203 4165 1282 4219 quam
1294 4149 1401 4204 Soorsli.

262 4223 308 4282 Etsi
316 4233 381 4302 apud
390 4232 460 4288 lsuuo
470 4234 499 4288 iu
509 4234 622 4288 editione
630 4234 775 4288 norissima
786 4235 969 4289 (itaeoolatins
984 4249 1031 4303 pro
1043 4231 1086 4299 τὴν
1098 4235 1141 4285 τοῦ
1151 4232 1267 4304 ἀνομοίου
1277 4233 1351 4294 δόξαν
1361 4249 1401 4288 re·

264 4313 372 4384 ¹ciptnns
386 4325 438 4383 est,
451 4317 496 4387 sels
507 4323 553 4371 τοῦ
562 4317 711 4391 ονομοοοίοο
723 4319 804 4382 δόξαν.
839 4319 913 4383 Quod
928 4320 951 4372 sl
962 4335 995 4372 er
1007 4323 1123 4372 ueterum
1135 4317 1253 4374 ecdicum
1264 4318 1401 4374 autoritate

264 4394 347 4455 Mum
356 4410 407 4469 est,
417 4421 472 4458 non
482 4405 610 4477 improbo.

319 4484 345 4538 lli
355 4487 398 4557 pls
407 4489 449 4541 sel
459 4488 610 4560 λογισμοῖς]
638 4489 709 4544 Gorr.
723 4486 759 4542 iss
775 4487 823 4561 μὴν
835 4489 876 4542 πί
889 4488 946 4560 lup.
976 4488 1095 4542 Ostendit
1104 4488 1217 4542 Basilius
1232 4503 1260 4541 ee
1272 4487 1304 4542 ds
1315 4488 1402 4546 Serdi-
1427 4509 1502 4561 μοι.

267 4569 325 4622 lton
331 4571 375 4626 illo
386 4573 554 4629 Odentalium
564 4582 593 4629 st
602 4575 808 4630 Occidentalium
818 4574 924 4628 dissidio
937 4591 1004 4644 opus
1014 4573 1144 4644 quoddsm
1156 4573 1330 4629 elucubrasse.

319 4651 460 4730 Ἐλκίζομον
470 4656 541 4712 διὰ
520 4677 550 4712 το
558 4659 704 4731 τολμηρόν]
726 4660 803 4714 Forte
813 4662 865 4730 leg.
875 4657 1018 4730 ἠλοίζομον.
1428 4681 1431 4694 ·

320 4735 442 4796 ’moeso
451 4741 485 4806 νίς
495 4747 571 4796 seito
580 4744 610 4796 e'o
621 4741 704 4815 οίδοο]
737 4746 793 4799 Ηοο
809 4753 850 4798 est
862 4745 891 4798 iu
900 4744 1014 4800 iormuls
1024 4745 1237 4814 professioneque
1248 4743 1309 4802 fidei
1319 4689 1401 4804 nomi·

270 4822 334 4878 ”tim
342 4827 408 4896 eius,
418 4829 490 4901 quod
499 4829 534 4882 ab
543 4827 681 4885 beesedeis
692 4837 868 4902 oppugnatur,
877 4831 1037 4888 mentionem
1048 4831 1166 4886 adiicere.
