3650 5642
1306 644 1395 701 OLVII

243 796 425 868 Hierosolymis
442 798 601 871 praefuisse,
620 804 646 851 et
661 795 770 852 Neronis
788 812 857 852 enno
875 798 986 870 septimo
1003 798 1052 853 snb
1063 796 1210 870 paschalem
1221 800 1395 854 celebritatem

243 883 387 937 mmsisctus
400 900 458 938 esse
470 884 564 938 dicitur
574 884 607 937 ab
624 884 782 953 Hieronymo
800 884 845 937 lib.
863 883 894 937 de
911 883 1005 954 Script.
1017 883 1127 949 Eccles,
1144 884 1213 955 quod
1229 884 1329 938 lulieno
1341 901 1394 941 cer.

243 970 364 1037 congruit
382 970 466 1041 Igitur
478 985 547 1023 suno
557 986 645 1023 enarr.
657 967 757 1022 Iulieno
766 984 886 1040 praeesse
897 969 989 1038 coepit.
1006 968 1070 1022 ltem
1079 969 1174 1023 Poulus
1183 970 1315 1040 apostolus
1327 969 1395 1041 apud
1420 972 1495 1025 111⁷&

244 1054 347 1107 cundem
358 1054 547 1125 Hieronymum
559 1070 627 1107 anno
637 1072 697 1107 xxv.
708 1058 768 1125 post
778 1055 929 1125 passionem
940 1053 1052 1118 domini,
1063 1053 1172 1108 Neronis
1183 1072 1221 1119 m,
1232 1055 1334 1107 rinctm
1345 1054 1396 1107 Ro·

244 1154 311 1191 msm
321 1139 443 1203 mittitur3
455 1140 502 1193 ubi
513 1146 539 1193 et
548 1138 656 1193 Neronis
669 1156 737 1193 suno
747 1156 808 1204 xrs,
819 1144 880 1211 post
890 1139 1039 1210 passionem
1049 1156 1157 1204 assum,
1169 1140 1252 1211 capite
1263 1144 1395 1193 truncatus

245 1230 294 1289 est,
307 1222 428 1295 Capitone
440 1232 467 1279 et
478 1224 554 1279 Rullo
566 1242 645 1290 coss,
661 1224 761 1278 Iuliano
774 1240 837 1279 exn.
861 1222 972 1277 Neronis
983 1224 1086 1277 initium
1098 1224 1207 1293 contigit
1216 1230 1277 1295 post
1286 1230 1397 1278 mortem

245 1308 349 1374 Claudii,
365 1308 466 1365 Iuliano
479 1326 565 1375 serm,
581 1316 641 1381 post
653 1327 691 1365 rrr.
704 1309 760 1363 Eld
773 1308 877 1365 Octobr.
911 1307 980 1379 Ergo
993 1324 1075 1362 eunus
1088 1326 1140 1363 srr.
1152 1310 1238 1380 coepit
1249 1311 1282 1363 ab
1294 1309 1398 1363 Octobri

245 1395 301 1445 seui
313 1393 404 1448 luliani
417 1410 481 1449 carr.
499 1394 551 1449 Sed
564 1395 737 1465 Hieronymus
748 1394 885 1448 manifeste
897 1410 980 1448 aneos
992 1394 1125 1448 exorditur
1137 1394 1169 1448 ab
1181 1394 1341 1449 antecedenti
1351 1412 1398 1466 ps·

245 1477 335 1532 schate.
360 1478 484 1551 Adeoque
496 1498 529 1535 ex
542 1482 597 1535 eius
608 1480 742 1534 ratiocinio
753 1480 870 1551 passioni
881 1480 980 1533 domini
995 1496 1079 1533 sunus
1095 1480 1234 1534 adstruitur
1246 1498 1333 1534 unser.
1358 1480 1399 1533 lta
1441 1521 1445 1532 .

245 1562 341 1629 Petrus,
354 1565 445 1619 eodem
456 1566 614 1635 Hieronymo
626 1572 704 1629 teste,
718 1582 824 1619 ennon.
837 1565 937 1619 Claudii
948 1565 1058 1618 Romam
1070 1564 1184 1631 edocuit,
1197 1566 1242 1619 ubi
1252 1584 1305 1619 xxv
1315 1582 1397 1619 annos

245 1650 363 1703 ecelesiae
374 1650 500 1722 preeluit,
513 1656 539 1704 et
551 1668 650 1706 srxvrr.
663 1656 723 1721 post
731 1651 878 1721 passionem
891 1667 972 1715 anno,
989 1650 1097 1704 Neronis
1109 1669 1175 1716 aru,
1193 1667 1250 1704 cum
1262 1650 1342 1705 Paulo
1354 1668 1399 1705 ne·

244 1740 313 1787 ratus
324 1740 371 1789 est.
408 1734 526 1805 Denique
541 1736 775 1805 Hierosolymitana
786 1731 872 1788 clades
884 1735 977 1789 eccidit
988 1752 1056 1789 anno
1068 1754 1110 1791 ss..
1121 1742 1181 1807 post
1191 1737 1351 1807 passionem,
1368 1742 1399 1791 nt

245 1825 338 1872 veteres
346 1820 463 1891 plerique
472 1826 608 1886 testentur,
620 1820 807 1890 Hieronymus,
818 1820 946 1874 Eusebius
958 1820 1002 1873 lib.
1012 1840 1051 1875 ιιι.
1060 1822 1124 1877 niet.
1137 1838 1263 1893 capena,
1275 1828 1302 1874 et
1312 1823 1397 1878 lihvr.

246 1904 272 1955 de
284 1904 429 1958 Demonstr.
446 1922 501 1977 cap.
512 1922 578 1971 rvr,
594 1903 794 1975 chrysostomus
815 1920 846 1959 so
860 1906 962 1975 reliqui
995 1905 1092 1959 Ererss
1108 1912 1169 1960 suut
1180 1912 1268 1960 autem
1279 1906 1398 1961 Hieroso·

246 1988 309 2058 lyme
320 2006 389 2043 suno
405 1990 520 2043 secundo
532 1990 698 2061 Vespasiani,
713 1988 813 2044 Iuliano
830 2006 898 2044 anno
911 2006 971 2044 cxv.
1005 1990 1113 2045 Proinde
1124 2008 1193 2046 anna
1204 2010 1292 2047 nxxru.
1305 1990 1400 2046 Christi

246 2076 326 2143 passio
337 2076 468 2145 congrait.
493 2074 616 2129 Osctcree
628 2092 661 2128 ex
672 2074 776 2128 Delerii
788 2081 814 2128 et
824 2076 927 2146 liepleri
939 2077 1130 2129 commentariis
1140 2077 1279 2148 repetenda
1290 2083 1359 2130 suut.

306 2162 340 2212 At
350 2176 477 2231 urgemur
488 2158 638 2231 Phlegontis
650 2160 777 2231 imprimis
790 2165 816 2213 et
826 2160 911 2213 'l'halli
925 2161 1087 2225 testimonio,
1105 2162 1150 2231 qui
1166 2178 1233 2216 auno
1245 2180 1280 2216 rr.
1296 2162 1398 2233 Olymp.

248 2258 287 2298 cu
297 2242 448 2298 horribilem
460 2244 524 2298 solis
536 2246 643 2316 eclipsin
655 2245 778 2299 accidisse
790 2250 948 2310 memorant,
959 2244 1008 2299 hoc
1021 2252 1059 2299 cst
1071 2245 1170 2299 lulieno
1185 2264 1309 2313 assurin,
1321 2262 1400 2318 quam

246 2328 310 2381 illsrn
322 2330 407 2399 ipsam
419 2346 478 2383 esso
490 2346 556 2401 quae
568 2331 618 2384 sub
630 2330 728 2384 domiui
739 2346 829 2384 necem
840 2330 962 2401 contigit,
979 2331 1078 2401 entiqui
1094 2338 1181 2401 patres
1192 2332 1400 2402 interpretantur,

248 2412 392 2479 Africanus,
407 2414 594 2485 Hieronymus,
611 2416 739 2469 Eusebius
752 2422 778 2468 et
789 2416 840 2468 alii
875 2416 930 2469 Hoc
942 2422 1094 2485 argumento
1105 2417 1204 2469 instant
1214 2416 1253 2469 illi
1263 2419 1400 2488 praecipue

250 2498 287 2567 qni
302 2500 378 2569 plurs
395 2516 475 2570 quem
491 2502 542 2553 tria
557 2500 683 2572 percheto
701 2500 834 2553 dominum
851 2502 972 2571 exegisse
988 2501 1157 2566 contendunt,
1174 2490 1259 2571 neque
1274 2503 1337 2555 satis
1352 2518 1400 2573 pu-

250 2582 325 2637 dentis
343 2600 402 2638 esse
418 2584 532 2639 hominis
550 2586 702 2639 existimant
717 2591 805 2639 tantae
823 2586 967 2639 autoritatis
981 2586 1137 2657 praeiudicio
1154 2603 1184 2640 ac
1195 2591 1235 2639 tot
1245 2588 1401 2657 scriptorum

250 2670 407 2723 consensioni
418 2670 550 2740 reingeri.
585 2670 637 2724 Sed
648 2670 712 2725 illud
723 2670 850 2741 imprimis
861 2672 921 2724 rolo
932 2670 996 2724 mihi
1007 2672 1190 2742 respondeant,
1206 2688 1285 2725 eosne
1301 2678 1400 2743 putent,

251 2754 364 2824 aquibus
375 2752 527 2825 Phlegontis
538 2756 715 2809 testimouium
730 2756 885 2822 didicerunt,
902 2754 1071 2826 Phlegontern
1088 2758 1174 2827 ipsum
1189 2758 1292 2827 legisse.
1327 2756 1402 2821 Quod

250 2838 288 2891 ubi
298 2840 413 2893 cculessi
427 2840 534 2905 fuerint,
552 2847 608 2895 tum
625 2840 687 2911 quid
704 2856 814 2894 caussae
831 2842 864 2895 sit
880 2842 1022 2911 explicent,
1039 2858 1085 2895 cur
1100 2842 1178 2895 iidem
1196 2843 1240 2913 qni
1256 2843 1340 2896 solere
1358 2842 1401 2896 de·

251 2922 365 2993 liquium,
382 2924 452 2995 qued
464 2940 480 2977 e
490 2924 632 2996 Phlegonte
644 2931 866 2991 commemoretur,
881 2926 946 2981 illnd
962 2942 1020 2980 esse
1035 2933 1152 2980 minuet
1166 2927 1234 2997 quod
1245 2928 1294 2981 sub
1306 2926 1402 2982 Ohristi

251 3012 392 3077 puscionem
404 3011 526 3081 contigit,
541 3012 657 3081 pessicui
667 3017 754 3065 temen
765 3012 815 3081 ipsi
827 3028 878 3065 non
892 3018 1012 3082 quartam
1024 3012 1183 3095 Olympiadis
1195 3028 1293 3066 annum
1305 3012 1350 3065 sed
1362 3028 1402 3065 se·

253 3094 355 3148 cundum
366 3096 503 3148 tertiumve
515 3094 676 3166 praefiniunt.
707 3096 843 3149 Africanus
861 3097 931 3149 enim
946 3096 1015 3167 apud
1030 3097 1216 3166 Hieronymum
1232 3098 1259 3151 in
1275 3104 1354 3167 caput
1364 3116 1401 3153 rx.

253 3178 320 3245 liae,
332 3186 359 3233 st
369 3181 398 3235 iu
409 3180 516 3235 Eusebii
525 3180 679 3251 fragmentis
690 3196 750 3252 pag.
760 3180 813 3246 63,
826 3178 958 3234 Ohristum
968 3196 1074 3250 pessum
1087 3182 1199 3234 asseruit
1209 3198 1276 3234 anno
1288 3182 1401 3235 secundo

253 3262 345 3337 Olymp.
356 3280 436 3330 cerr,
452 3264 580 3319 Eusebius
596 3272 623 3319 ct
633 3266 807 3337 Hieronymus
823 3282 892 3318 auno
903 3266 988 3320 tertio.
1023 3264 1090 3329 Quid
1106 3272 1192 3318 autem
1210 3266 1345 3319 absurdius
1362 3270 1404 3319 est

254 3366 321 3419 quam
337 3349 490 3421 Phlegontis
508 3350 630 3405 adversus
648 3352 759 3421 gentiles
776 3351 912 3404 autoritate
935 3354 1012 3420 atque
1033 3350 1123 3421 eclipsi
1138 3350 1184 3403 illa
1200 3350 1262 3403 solis
1279 3356 1402 3418 utentem,

254 3450 322 3503 qnam
333 3438 356 3490 is
369 3442 461 3507 quarto
478 3450 546 3491 suno
564 3436 705 3506 contigisse
722 3436 834 3501 disseret,
852 3452 904 3489 non
923 3434 1006 3488 cidem
1024 3451 1091 3488 anno
1108 3434 1256 3505 passionem
1272 3436 1402 3490 tribueret

254 3518 419 3583 Quamobrem
430 3538 464 3575 ne
478 3522 543 3575 tanti
560 3521 673 3593 stuporis
690 3526 767 3592 etque
785 3520 911 3587 inscitius,
929 3521 982 3574 imo
999 3521 1237 3591 praevaricationis,
1255 3523 1403 3592 gratissimi

254 3602 284 3657 illi
299 3614 383 3677 patres
395 3611 544 3677 arguentur,
561 3622 592 3659 co
604 3606 707 3660 demam
719 3608 865 3661 necessario
875 3606 1017 3676 redigimur
1027 3611 1057 3659 ut
1066 3604 1216 3676 Phlegontis
1225 3608 1403 3663 testimonium

254 3688 308 3743 illud
319 3690 413 3745 riticsc
431 3693 465 3745 ab
481 3692 606 3757 librariis,
624 3698 669 3745 eut
685 3694 842 3761 Hieronymo
856 3693 912 3763 ipso
925 3693 1041 3745 dicemus
1056 3693 1084 3745 in
1096 3690 1229 3746 Ohronicis
1241 3710 1402 3764 expressum.

255 3772 315 3829 Hunc
331 3776 358 3830 in
371 3776 472 3831 Gracco
483 3776 589 3830 Eusebii
604 3775 730 3832 Ohroaico
747 3794 808 3849 pag.
824 3776 879 3831 118.
896 3778 933 3831 its
950 3778 1074 3849 scriptum
1091 3785 1141 3831 est:
1165 3782 1202 3849 τῷ
1214 3777 1241 3830 dl
1252 3776 1297 3830 ἔτει
1308 3783 1350 3847 τῆς
1362 3777 1402 3850 οβ’

255 3848 428 3931 Ὀλυμκιᾶδὸςς
441 3870 471 3915 nt
482 3868 604 3933 appareat
615 3863 736 3917 extritum
747 3862 827 3917 inissa
839 3864 999 3917 numerslem
1009 3869 1111 3928 notam,
1123 3880 1169 3934 pro
1181 3878 1233 3934 qua
1244 3870 1403 3935 ensgnostes

256 3942 403 4017 Hieronymo
416 3944 447 4012 d',
459 3946 484 4000 id
497 3954 535 4000 cst
547 3954 666 4017 quartum
679 3964 776 4001 annum
788 3948 892 4017 legerit,
905 3964 964 4002 cum
976 3954 1045 4002 essct
1056 3949 1192 4001 coniuncto
1204 3948 1239 4001 bt.
1266 3950 1302 4002 At
1311 3950 1403 4021 lieplc·

256 4042 292 4083 rus
302 4032 327 4084 ie
338 4030 444 4102 Hclogis
456 4031 625 4103 Phlegontem
641 4034 786 4103 suspicatur
802 4032 833 4085 de
851 4034 902 4086 alie
920 4035 983 4087 solis
1000 4034 1090 4103 eclipsi
1105 4034 1233 4100 locutum,
1250 4050 1317 4105 quae
1334 4050 1402 4107 anuo

256 4116 328 4182 priuru
345 4116 447 4187 Olymp.
461 4132 524 4171 cerr.
543 4118 666 4188 contigit,
682 4118 746 4172 Ner.
758 4134 842 4183 aare,
860 4134 928 4171 anno
940 4120 1038 4171 lulisno
1049 4134 1151 4182 nuru,
1168 4134 1285 4189 quaeque
1301 4119 1328 4171 in
1341 4118 1404 4171 Asia

257 4200 290 4252 rel
298 4200 373 4271 Syrie
383 4202 471 4255 totalis
482 4200 545 4267 teir,
556 4200 621 4255 hore
632 4220 683 4257 uns
694 4208 771 4273 atque
783 4204 863 4257 ultera
875 4210 936 4257 sutc
947 4202 1087 4255 meridiem.
1113 4200 1188 4266 Quod
1199 4220 1257 4258 cnm
1266 4203 1403 4255 Airicaum

258 4290 278 4335 et
288 4286 327 4339 alii
340 4286 372 4339 sd
385 4302 442 4341 cam
455 4286 635 4357 Olympiadem
651 4304 702 4359 qua
718 4304 812 4359 pessus
829 4295 867 4343 est
884 4288 1004 4341 dominus
1021 4288 1158 4341 convenire
1173 4292 1317 4352 cernerent,
1333 4286 1403 4340 idem

257 4368 310 4423 illud
319 4371 461 4443 deliquium
470 4372 533 4425 solis
544 4388 601 4425 esse
613 4372 662 4426 sibi
670 4380 854 4444 persuaserunt
865 4372 935 4444 quod
943 4370 1043 4425 Ohristc
1051 4373 1272 4444 petientepraeter
1281 4376 1403 4426 naturam

258 4462 375 4509 11111111.
409 4456 543 4511 Postremo
555 4472 614 4511 curn
626 4458 746 4513 obductio
757 4460 803 4512 ille
814 4460 878 4512 lucis
889 4456 1014 4511 naturalis
1025 4474 1078 4510 non
1091 4458 1182 4522 inerit,
1197 4472 1282 4527 neque
1298 4472 1332 4509 ex
1346 4472 1403 4510 ma·

259 4536 392 4595 themsticls
404 4544 499 4597 tabulis
510 4542 629 4614 indagsri
640 4545 765 4614 potuerit,
777 4560 830 4597 non
842 4542 945 4597 aliunde
955 4540 1082 4612 Phlegon,
1095 4544 1118 4596 si
1130 4542 1184 4595 eius
1195 4540 1352 4595 mentionem
1365 4548 1403 4595 st·
1428 4572 1450 4614 μ
1459 4562 1502 4604 m,

260 4622 320 4692 tigit,
338 4642 417 4697 quam
433 4644 466 4681 ex
483 4628 593 4683 aliorum
604 4628 868 4683 testificatione'illem
880 4628 1014 4697 competit3
1031 4628 1058 4681 in
1076 4644 1127 4697 qno
1144 4626 1220 4680 iacssc
1235 4626 1307 4679 locus
1324 4630 1404 4683 errori

260 4706 312 4775 luit,
327 4716 356 4765 nt
372 4712 437 4766 altor
446 4730 492 4785 pre
505 4714 586 4767 altero
598 4730 682 4768 annus
695 4714 728 4767 ab
741 4730 770 4767 eo
783 4714 988 4767 substitueretur.
1023 4712 1099 4766 Aliud
1114 4730 1147 4767 ex
1160 4711 1278 4781 Dionysii
1289 4714 1402 4786 Areopa·

261 4792 318 4859 glise
335 4796 441 4852 historie
456 4800 522 4852 solet
539 4798 624 4855 obiloi.
658 4800 706 4854 Hio
721 4800 790 4853 enim
806 4798 887 4871 Epist.
899 4814 944 4852 vn.
956 4798 989 4851 sd
1000 4797 1169 4868 Polycarpum
1185 4813 1319 4869 exponens
1336 4816 1403 4870 quse

262 4875 308 4947 ipae
323 4882 452 4951 passionis
469 4890 584 4956 tempore
606 4900 664 4939 cum
683 4881 861 4955 Apollophane
877 4882 1004 4954 Heliopoli
1020 4882 1131 4947 viderat,
1150 4883 1321 4954 plenilunium
1340 4890 1402 4938 tunc
