3650 5642
1289 628 1395 685 00th

230 783 286 853 psci
295 788 410 853 saeptus
420 782 652 838 oetaitcrtdestarn
660 782 879 853 simplicesqessn
887 784 1046 853 geminatae,
1056 784 1112 839 sire
1120 782 1395 839 heceaedccaiterides.

232 867 333 922 henin
346 867 491 937 Dionysius
499 868 693 923 Almaudsiuns
705 868 869 923 oetaetsridis
880 884 1007 923 emonem
1018 869 1137 923 instituit.
1167 869 1322 941 Hippolytus
1334 884 1395 923 vero

231 951 504 1017 heecaedecsiterids,
521 968 601 1023 quam
615 954 644 1007 in
661 953 735 1007 libris
752 952 784 1006 tle
799 952 934 1009 Emendat.
948 954 1037 1024 Temp.
1050 952 1168 1025 Scaliger
1185 954 1300 1024 exponit
1326 953 1395 1017 Quas

234 1053 321 1091 ennae
331 1035 474 1091 methodos
485 1044 615 1107 postremo
627 1037 852 1093 mumdeeubteris
863 1040 987 1103 exclusit,
999 1040 1033 1093 ab
1043 1038 1225 1093 Alexandrinis
1238 1044 1264 1093 et
1274 1039 1395 1093 Anatolio

233 1138 281 1174 mn
291 1122 342 1176 illa
354 1121 461 1191 quidem
472 1122 636 1192 excogitata,
652 1128 683 1177 nt
697 1136 791 1194 parurn
805 1124 945 1194 prudemm
955 1124 1071 1194 plerique
1083 1124 1224 1194 scripsere,
1240 1124 1322 1177 multo
1334 1140 1395 1177 vero

233 1208 316 1261 samus
332 1207 370 1261 ab
381 1206 495 1261 Eusebio
508 1207 670 1263 &maciensi
685 1214 799 1279 seperta,
816 1208 863 1263 sed
879 1210 914 1263 ab
931 1209 963 1263 iis
981 1209 1102 1263 omnibus
1119 1208 1153 1261 ed
1169 1224 1248 1263 usum
1264 1208 1396 1279 paschatis

234 1292 368 1345 tanslata.
377 1292 590 1347 ltseetsetcrides
595 1293 851 1363 slissquaeyclornm
858 1294 962 1349 inutiles
967 1294 1066 1349 termae
1072 1294 1198 1363 paulatim
1205 1295 1397 1349 obsoleverunt.

235 1376 390 1448 Quanquam
404 1378 546 1433 nmuussos
563 1376 648 1431 adhuc
662 1377 751 1433 Bedse
767 1380 928 1449 temporibus
946 1379 1115 1433 eotaiteridas
1132 1379 1271 1433 retinuisse
1288 1385 1397 1433 testatur

235 1463 284 1531 ipss
293 1464 343 1517 lib.
353 1463 388 1517 ds
396 1462 604 1533 Templi-stione
616 1476 672 1535 cap.
681 1480 752 1517 sess.
769 1463 823 1519 Sed
833 1464 911 1535 pauci
920 1463 959 1517 illl
971 1470 1043 1517 erant
1054 1470 1080 1517 et
1092 1464 1203 1519 obscuri.
1222 1463 1396 1527 Quamobrem

234 1549 292 1601 satis
300 1548 431 1619 equidem
441 1548 531 1602 mirmi
541 1565 595 1603 non
604 1564 725 1619 pessum
736 1546 910 1619 Epiphaniam
919 1547 968 1603 hoo
977 1549 1034 1603 luco
1047 1549 1080 1601 ad
1089 1547 1237 1620 paschalem
1246 1548 1397 1605 methodum

236 1633 417 1703 explicandam
438 1633 520 1687 solius
534 1633 698 1687 octsetesidis
713 1634 873 1687 mentionem
888 1634 982 1687 iecisse
999 1646 1110 1704 eamque
1127 1644 1181 1687 tem
1199 1634 1334 1703 diligenter
1351 1652 1397 1687 ex·

236 1719 364 1785 posuisse,
376 1718 453 1787 qussi
463 1717 512 1771 bae
524 1734 577 1773 uua
586 1716 749 1788 paschalium
758 1719 955 1773 neomeniarum
968 1718 1104 1789 disciplina
1115 1720 1297 1775 contineretur.
1327 1719 1350 1773 N
1353 1736 1396 1773 am

237 1801 634 1859 eumdeesdteridemlsoclooo
645 1819 680 1857 ue
690 1804 905 1858 commemorarit
921 1803 1037 1873 quidem,
1054 1804 1158 1857 tametsi
1174 1803 1316 1857 Nicaenum
1332 1804 1396 1857 illud

237 1886 363 1941 mestum
374 1887 408 1941 ds
419 1888 571 1943 celebrando
582 1888 706 1959 paschate
716 1894 851 1959 tantopere
861 1888 991 1959 praedicet
1007 1894 1032 1941 et
1048 1890 1081 1943 ab
1094 1887 1283 1943 haereticorum
1292 1889 1397 1943 inscitie

238 1971 445 2043 impudentisque
462 1972 593 2027 vindicare
612 1974 723 2029 studeat.
758 1975 839 2045 Atqui
854 1972 921 2027 nihil
936 1974 970 2027 ad
985 1973 1047 2027 testi
1063 1974 1133 2027 illiue
1150 1973 1339 2027 ordinationem
1356 1974 1395 2027 in·

239 2057 332 2124 ewen
343 2058 381 2113 ab
391 2059 439 2113 illa
447 2057 549 2128 synode
559 2058 705 2129 proiectam
716 2065 768 2125 est,
780 2075 861 2129 quam
871 2058 942 2129 qued
953 2076 1000 2113 xrx
1010 2074 1138 2113 annorum
1149 2060 1246 2113 circulo
1256 2059 1395 2113 constituto

240 2140 371 2197 dissidium
380 2159 459 2197 omne
470 2144 589 2208 sustulitq
601 2144 672 2213 qued
682 2143 722 2198 his
734 2144 819 2199 verbis
829 2149 941 2198 testetur
952 2144 1119 2197 Ambrosius:
1143 2144 1216 2197 Inter
1227 2145 1275 2197 s'lle
1281 2146 1358 2213 fidei,
1370 2152 1398 2195 nt

243 2245 306 2290 eece,
322 2232 364 2281 s'to
376 2230 534 2283 udaieesdo
545 2231 663 2292 decretu,
680 2234 757 2283 emota
767 2247 843 2299 aupes
855 2230 1001 2283 celebritate
1011 2238 1163 2291 memoratu,
1181 2234 1343 2297 couqreqcts's
1349 2246 1395 2297 pc·
1433 2280 1439 2295 ,

242 2315 362 2365 citissimis
372 2315 536 2377 calculandi,
552 2316 637 2367 deses
649 2323 674 2367 st
690 2331 774 2367 necess
786 2331 909 2367 oenones
922 2315 1044 2381 celleqere
1056 2317 1180 2366 rodonem
1197 2322 1222 2367 et
1237 2316 1312 2382 quasi
1322 2332 1396 2382 querr-

243 2398 293 2447 dess
303 2403 458 2453 conamen
469 2400 592 2451 circulens
603 2409 651 2452 etc.
683 2398 753 2453 Nihil
767 2404 824 2453 erat
833 2400 913 2468 igitur
926 2398 995 2469 qnod
1006 2399 1112 2453 inanem
1123 2404 1149 2451 et
1160 2398 1299 2451 absurdam
1312 2398 1396 2451 uotae·

243 2481 320 2535 leidis
330 2482 468 2552 periodum
478 2498 496 2535 a
513 2483 566 2537 situ
580 2489 715 2539 resecaret
728 2482 903 2553 Epiphanius,
920 2483 982 2537 dom
1000 2500 1165 2537 communem
1183 2484 1249 2552 cycli
1266 2482 1395 2553 paschalis

243 2564 383 2623 methodum
399 2567 739 2641 occurreremus
748 2568 873 2623 mucrene
884 2567 1028 2623 haereticos
1040 2568 1161 2623 dederat.
1186 2568 1240 2621 Nec
1251 2568 1395 2621 accuratior

245 2650 502 2709 atterentem.
514 2670 664 2724 capsam,
681 2655 727 2725 qui
742 2653 853 2707 eandem
870 2653 1052 2707 ooteeteridem
1069 2653 1103 2707 ad
1118 2652 1249 2724 paschatis
1260 2654 1396 2723 negotium

245 2735 276 2787 sie
284 2738 475 2803 accommodat,
485 2740 563 2808 quasi
573 2739 708 2809 utriusque
719 2738 811 2793 sideris
821 2739 964 2793 ratiociniis
977 2740 1107 2793 cumulate
1119 2738 1271 2794 satisfaciat.

301 2820 345 2875 llcl
355 2822 483 2892 suppetere
493 2821 557 2877 acris
568 2824 610 2875 τὀν
622 2818 735 2895 ipisus]
768 2824 849 2878 Deest
865 2824 1016 2877 octudteridi
1032 2824 1177 2879 secuudum
1193 2824 1293 2879 medies
1308 2830 1395 2877 motus

246 2903 390 2961 sisoim
401 2924 520 2963 mensem
529 2909 712 2979 complendum
729 2909 837 2963 biduum
852 2908 914 2977 iere.
948 2908 1016 2963 Num
1032 2916 1138 2981 epactae
1156 2909 1218 2963 anui
1235 2909 1319 2963 octavi
1334 2916 1397 2963 sunt

248 3005 327 3045 urm.
344 2992 595 3047 eoncessiones
612 3000 735 3047 accurata
751 2993 852 3049 dierum
868 3001 909 3047 eat
924 2994 1008 3059 2923,
1028 2995 1066 3047 ll.
1083 2992 1133 3047 51¹.
1151 2992 1200 3048 hoc
1218 2992 1396 3047 aethernium

247 3072 290 3127 iere
300 3094 344 3141 sn,
355 3084 385 3130 nt
395 3078 435 3131 alt
444 3077 578 3133 Geminus.
595 3078 687 3148 ltaque
696 3079 784 3133 minor
795 3086 836 3133 est
846 3079 983 3133 octedterie
994 3078 1133 3147 Epiphanii
1144 3079 1229 3131 lunari
1241 3078 1394 3133 octeitaride

248 3162 371 3229 tuquidis.
407 3162 440 3215 m
451 3168 539 3217 umen
549 3164 733 3234 praecipitatur
744 3163 926 3227 embolismus,
938 3163 1008 3233 quod
1020 3164 1155 3216 minimum
1168 3164 1237 3215 absit
1247 3164 1280 3217 ab
1292 3164 1394 3232 integra

248 3247 350 3315 surge.
372 3246 449 3311 Quod
457 3248 539 3303 mam
549 3248 577 3301 in
589 3248 832 3303 enneadecaeteride
843 3254 969 3302 servatur.
996 3246 1064 3301 Nem
1076 3248 1245 3313 embolismus
1256 3248 1347 3301 tertius
1360 3247 1393 3301 ab

249 3328 417 3387 Mmmdrinia
427 3339 456 3387 et
464 3332 578 3399 hunis,
589 3340 617 3387 st
626 3334 654 3387 in
665 3334 737 3387 omni
747 3333 812 3387 adeo
823 3333 909 3401 cyclo,
922 3338 1014 3387 oetaeo
1026 3349 1094 3387 auno
1107 3333 1256 3385 collocatur.
1288 3332 1393 3397 Octavo,

250 3411 356 3483 inquam,
371 3434 425 3473 non
441 3435 524 3483 noum
540 3420 591 3473 etsi
607 3419 764 3473 commanem
780 3416 957 3473 mathematici
973 3418 1077 3487 quidam
1095 3418 1263 3471 eruditissimi
1276 3434 1307 3471 ae
1324 3433 1394 3471 com·
1420 3425 1494 3477 ntes.

250 3506 356 3563 telorum
366 3503 503 3573 scriptores
514 3510 641 3559 asseram.
671 3502 745 3567 Quod
755 3502 879 3557 adversus
890 3503 950 3557 illos
963 3503 1074 3558 breuiter
1085 3500 1133 3557 hoc
1145 3504 1203 3557 loco
1215 3502 1393 3557 demonstrau-

252 3580 301 3639 tum
310 3594 356 3643 tet.

448 3790 626 3846 sustiuerit
642 3791 889 3847 mutuemsmo
906 3792 950 3847 ET
968 3794 1178 3849 substitutus
1420 3802 1492 3854 plue.

361 3874 407 3931 nit
423 3874 905 3932 susssnsscsenectmrsuum
922 3878 1029 3933 creto
1048 3878 1264 3933 salutemus.

305 4011 332 4066 lu
342 4014 491 4085 primordiis
502 4015 627 4069 eeclesiae
637 4014 688 4082 (ait
696 4013 826 4083 Scsligerl
836 4021 894 4069 tum
904 4016 1030 4085 apostoli,
1046 4022 1101 4069 tum
1119 4016 1164 4085 qui
1175 4032 1220 4069 eos
1231 4022 1336 4070 centurn
1347 4032 1393 4069 su·

255 4093 286 4145 tit
294 4108 377 4165 postes
386 4099 472 4153 nesti
481 4104 555 4164 sunt,
565 4099 663 4169 pascha
673 4116 776 4169 semper
786 4099 890 4153 luduice
901 4100 1074 4164 celebrarunt,
1086 4105 1116 4153 ut
1127 4105 1255 4155 testantur
1265 4102 1392 4155 Eusebius
1418 4105 1424 4133 ¹

255 4176 380 4239 &bitena
389 4191 466 4239 vetus
476 4184 667 4250 ecclesiastica,
683 4190 780 4255 etpost
790 4201 881 4239 omnes
890 4183 1059 4254 Nicephorum
1088 4184 1140 4237 Sed
1151 4185 1200 4239 snb
1212 4184 1353 4239 Commode
1364 4186 1392 4248 ii,

255 4264 290 4327 lli
297 4264 393 4323 iudaice
404 4267 503 4339 paseha
514 4269 692 4335 celebrabant,
703 4269 819 4323 mutuati
830 4269 1034 4323 snnthaereseos
1044 4268 1170 4323 al'ictore
1178 4270 1252 4324 Rom.
1261 4268 1391 4340 pontifice.

256 4344 310 4403 llsse
322 4353 372 4408 ille.
405 4354 479 4418 Quae
495 4354 600 4423 quidem
615 4355 647 4407 de
662 4354 726 4407 solis
738 4354 858 4409 danucia
869 4353 1033 4417 Christianis,
1051 4354 1092 4406 rel
1106 4354 1137 4407 de
1148 4354 1246 4409 loaune
1257 4354 1313 4407 solo
1324 4352 1393 4407 dicta

257 4444 300 4487 “tt
308 4446 444 4509 nequeam.
465 4439 533 4493 Nam
544 4455 598 4493 nen
609 4439 695 4493 solum
706 4440 796 4509 primis
807 4446 913 4493 centum
924 4438 1008 4503 unnis,
1020 4438 1065 4491 sed
1077 4445 1103 4493 et
1113 4440 1223 4505 duobus,
1234 4436 1392 4508 pluribusve,

258 4528 303 4571 “m
311 4525 422 4579 nmine
432 4524 502 4595 apud
512 4525 652 4588 Asiaticos,
662 4524 766 4578 iudaice
777 4522 874 4595 pascha
883 4529 1016 4593 peractum
1027 4540 1093 4589 esse,
1104 4540 1190 4589 nemo,
1202 4523 1246 4592 qui
1256 4520 1392 4579 historiam

258 4596 340 4673 lgent,
349 4610 463 4679 ignorat.
494 4609 580 4673 Quare
590 4610 624 4663 sd
635 4611 768 4680 apostolos
780 4625 871 4663 omnes
882 4624 1025 4679 omnesque
1037 4608 1196 4663 Christianos
1208 4608 1337 4661 sententia
1347 4609 1393 4663 ills

259 4688 356 4757 petinet,
371 4710 438 4764 qnos
455 4701 561 4749 centum
576 4700 638 4765 post
652 4700 765 4749 mortem
778 4693 955 4765 apostolorum
971 4694 1046 4747 aunis
1063 4688 1392 4749 tessarescaedecatitarum

261 4780 314 4826 ¹010
321 4776 441 4845 paschate
451 4778 557 4833 iunctos
566 4795 625 4833 esse
635 4779 735 4835 delinit.
754 4778 861 4843 Quodsi
872 4794 961 4833 serum
973 4785 1026 4845 est,
1037 4780 1061 4833 si
1071 4796 1124 4833 nou
1135 4778 1217 4831 maior
1227 4794 1287 4848 pars
1298 4780 1390 4833 saltem

262 4861 435 4920 *nselmum
446 4864 614 4920 eccesiam
625 4864 699 4919 aliter
709 4879 791 4935 quam
797 4864 902 4919 ludaico
913 4878 986 4921 more
996 4862 1094 4937 pascha
1104 4863 1250 4929 celebrarit,
1260 4864 1391 4919 celebren-
