3650 5642
1260 607 1394 665 coxam

243 762 350 819 reddere.
386 761 440 817 Sed
449 762 545 818 mirum
556 767 683 833 q'uantum
694 760 876 816 hallucinatur.
908 760 976 817 Num
993 758 1173 831 θξνθαρεθτοθαι
1187 768 1228 817 eat
1239 760 1328 833 ὑδαρῆ,
1344 762 1394 819 hoc

243 857 279 901 ast
289 848 437 904 dilatiorem
447 864 478 901 ao
488 848 635 901 molliorem
645 847 710 901 lieri.
737 846 797 911 Qua
805 847 834 900 in
844 846 1033 917 significatione
1045 848 1103 901 aliis
1114 848 1177 903 iocis
1188 848 1276 903 utitur.

304 931 350 985 iat
361 932 406 999 τὴν
418 931 600 1002 φιλανθρωπίαν
612 930 647 1003 μὴ
658 929 869 1001 ἀνακάμπτουσι]
890 930 960 985 Fert.
972 930 1151 985 ἁνααόπτουσα.

303 1017 335 1071 N.
346 1036 389 1074 m.
412 1010 487 1071 Οθτοι
499 1015 527 1071 δὲ
539 1016 567 1069 οὖ
580 1017 711 1085 βούλονται
723 1017 871 1085 θιδαγμοῖς.]
894 1016 964 1071 θοπ.
977 1014 1096 1086 diripera.
1132 1017 1183 1071 sod
1195 1018 1319 1088 religione
1331 1034 1393 1087 qua·

243 1102 297 1155 dam
307 1102 409 1157 inducti
418 1119 584 1157 communem
600 1119 631 1155 ac
643 1102 810 1172 depravatam
825 1102 962 1156 lectionem
979 1102 1241 1171 repraesentavimus,
1257 1103 1324 1175 quod
1340 1104 1394 1157 iam

244 1187 342 1241 minima
357 1188 510 1258 probamus.
543 1187 679 1241 Caeterum
694 1186 854 1241 rotmanos
868 1204 929 1242 cum
946 1186 1057 1257 digamia
1074 1189 1264 1243 communicare
1280 1189 1394 1243 noluisse

244 1279 335 1341 practer
352 1278 460 1327 autores
478 1273 538 1326 illos
556 1273 601 1343 qui
613 1272 644 1325 de
660 1270 810 1325 haeresibus
826 1273 986 1343 scripserunt
1001 1272 1076 1327 docet
1091 1273 1170 1327 stiam
1186 1272 1339 1329 Ganonvru.
1351 1274 1394 1329 Ni·

244 1372 331 1411 cacuaa
341 1358 453 1427 synodi,
463 1358 510 1427 qui
520 1357 552 1410 de
562 1357 759 1411 reconciliandis
770 1356 921 1413 Neratiauis
932 1357 1016 1411 editus
1028 1362 1074 1411 cat.
1108 1357 1180 1413 Idem
1190 1364 1217 1411 et
1227 1358 1347 1413 Socrates
1358 1366 1395 1415 te·

244 1448 316 1495 statur
326 1443 374 1497 lib.
383 1462 410 1499 s.
423 1458 480 1513 cap.
488 1460 554 1497 narr.

302 1526 332 1581 ‘0
345 1527 374 1580 δὲ
385 1526 421 1599 μὴ
433 1526 540 1593 δυνηθεὶς
551 1532 581 1598 τῃ·
593 1531 637 1596 μιᾷ
648 1527 810 1598 maeldum]
845 1526 1008 1597 Dsprsratna
1025 1528 1081 1583 sine
1098 1528 1177 1583 dubio
1193 1528 1242 1583 iste
1257 1529 1329 1585 locus
1345 1534 1393 1587 est.

244 1612 302 1665 Nam
312 1630 383 1683 quae
393 1614 515 1683 proxime
530 1624 682 1682 sequuntur,
699 1612 829 1666 euidenter
844 1613 1023 1667 demonstrant
1038 1613 1063 1667 id
1081 1611 1254 1685 Epiphaniam
1270 1615 1348 1680 rade,
1365 1615 1396 1669 li·

244 1714 293 1749 τοτα
303 1716 357 1751 non
373 1698 455 1753 modo
469 1704 529 1769 post
545 1698 666 1767 coniugis
682 1703 806 1762 mortem,
823 1697 870 1751 scd
887 1715 919 1751 eo
936 1714 1039 1769 quoque
1055 1700 1206 1769 superstite,
1224 1700 1248 1751 si
1264 1714 1344 1753 causa
1360 1700 1395 1755 le·

244 1783 327 1850 plima
338 1786 480 1855 quaepiam
490 1784 676 1847 intercesserit,
687 1784 781 1837 alteras
789 1783 855 1837 iniro
863 1784 976 1853 nuptias.
993 1782 1059 1837 Nam
1069 1784 1092 1837 si
1101 1784 1132 1837 da
1140 1784 1260 1841 morulis
1269 1784 1397 1839 duntaxat

245 1876 418 1935 postmortem
430 1875 533 1939 ageret,
545 1885 669 1938 quorsum
680 1866 745 1922 haee
756 1868 890 1931 adiiceret,
903 1866 979 1921 ἔνεπίν
989 1884 1051 1931 τινας
1061 1866 1205 1939 προφάσεως
1217 1868 1327 1939 πορνείας
1338 1875 1396 1937 etc,

246 1953 269 2003 ol
280 1956 391 2024 obpuum
401 1958 498 2024 stupri,
510 1956 646 2016 adulterii,
657 1954 698 2006 οεί
708 1954 920 2022 ulteriuafloqita's'
931 1957 1065 2007 coassumi
1097 1955 1163 2009 Tum
1179 1954 1206 2009 id
1222 1956 1317 2010 clarius
1334 1956 1396 2009 auh·

246 2036 306 2101 indc,
321 2055 383 2092 curn
396 2038 472 2104 dicit,
488 2036 545 2090 ἀλλ’
557 2035 605 2089 ἄπο
623 2040 678 2107 μιᾶς
693 2034 849 2108 ἆποσχεθεὶς,
866 2038 978 2109 δευτέρᾳ,
995 2036 1016 2089 εί
1031 2039 1135 2109 τύχοιεν,
1152 2040 1223 2110 νόμῳ
1238 2040 1394 2110 συνοφθῆναι

247 2120 360 2185 Quocirca
370 2142 428 2179 non
439 2124 529 2178 dubito
541 2125 604 2193 quin
614 2124 652 2177 ita
662 2122 845 2193 corrigendum
855 2124 901 2176 sit:
913 2121 1091 2193 τελευτησάσῃ,
1102 2125 1118 2190 ἢ
1130 2123 1207 2177 lesaii
1219 2142 1281 2187 τινος
1293 2131 1341 2180 etc.
1361 2124 1397 2178 Ut

247 2206 290 2261 duo
298 2210 350 2262 aint
361 2210 497 2279 digarmae
508 2225 618 2279 genera,
630 2208 744 2278 primum
755 2225 837 2263 uxore
848 2215 963 2274 mortua,
974 2208 1116 2267 secundum
1127 2216 1188 2280 post
1196 2210 1348 2275 munitium,
1360 2211 1396 2265 al·
1421 2230 1443 2270 r.
1451 2216 1495 2259 θεν.

247 2298 292 2345 tara
302 2295 351 2347 sibi
362 2296 496 2365 copulata.
527 2295 568 2349 lta
578 2294 683 2364 quidam
694 2292 863 2364 Epiphanius,
898 2294 952 2349 Sad
965 2300 994 2349 ut
1004 2295 1054 2349 illis
1066 2295 1225 2364 temporibus
1237 2295 1353 2349 nondum
1365 2312 1397 2351 aa

247 2393 280 2429 rsa
291 2379 322 2431 ab
332 2380 449 2435 ecclesia
459 2380 565 2434 definita
574 2396 680 2449 prorsus
691 2380 781 2443 fuerit,
797 2377 874 2433 hodie
889 2386 990 2444 tamen¹
1007 2381 1209 2451 praesertimque
1225 2386 1283 2450 post
1297 2380 1396 2437 editruu

248 2471 434 2518 asaarosancta
443 2465 594 2518 Tridentino
604 2464 710 2533 Synodo
727 2480 868 2528 canonem,
885 2464 959 2517 alitcr
975 2464 1069 2517 sentire
1083 2464 1157 2519 usias
1169 2481 1247 2535 quam
1259 2466 1396 2535 superstite

247 2548 314 2615 priori
322 2552 453 2620 coniuge,
464 2550 543 2603 stiam
550 2556 611 2620 post
618 2549 766 2619 legitimum
774 2548 924 2615 divortium,
936 2550 1022 2603 alteris
1031 2550 1146 2620 copulari
1154 2550 1252 2620 nuptiis
1262 2567 1396 2620 nunquam

249 2632 321 2687 beers.
338 2633 415 2699 Quae
427 2642 454 2687 ct
464 2634 619 2704 Augustini,
629 2634 780 2703 Hieronymi
791 2634 953 2704 aliorumque
964 2634 1011 2687 ΡΡ.
1024 2635 1152 2689 sententia
1162 2635 1219 2689 fuit
1236 2634 1258 2688 A
1270 2650 1321 2705 qua
1331 2642 1397 2689 tam

249 2720 288 2771 usi
297 2721 483 2773 nonnullorum
495 2719 543 2773 ΡΡ.
556 2721 706 2773 autoritates
719 2736 749 2773 ac
761 2720 862 2772 decreta
873 2717 1010 2773 abhorrere
1021 2721 1163 2785 rideantur,
1175 2737 1241 2791 quse
1253 2720 1320 2791 apud
1333 2720 1397 2775 (ira-

249 2803 335 2857 tianum
350 2812 428 2875 parte
439 2823 469 2860 rr.
487 2803 684 2859 Caussarum
702 2804 806 2868 Quaast
818 2823 863 2861 vu.
881 2812 1124 2871 commemorantur,
1141 2812 1167 2859 et
1183 2804 1320 2860 caietanus
1337 2822 1397 2860 cum

250 2888 336 2957 aliquot
343 2891 533 2945 recentioribus
542 2888 671 2961 theologis
681 2891 836 2945 contrarium
847 2891 1041 2945 insanientium
1053 2890 1212 2957 discesserit,
1224 2892 1301 2963 longa
1313 2893 1398 2963 potior

251 2984 283 3025 cat
291 2976 415 3029 ccclesiae
427 2976 507 3028 totius
519 2992 572 3029 ror
584 2981 611 3028 et
621 2976 771 3040 consensio,
783 2992 850 3046 quas
862 2993 927 3029 assa.
937 2994 1007 3031 rarv.
1021 2974 1084 3031 Can.
1092 2995 1138 3031 vn.
1152 2976 1324 3030 sTridentino
1337 2993 1397 3030 oon-

251 3060 488 3131 srssuproponitur.
510 3060 590 3115 Porro
599 3060 668 3115 inter
679 3066 794 3115 veterum
810 3062 972 3126 testimonia,
989 3061 1083 3130 quibus
1098 3067 1159 3131 post
1173 3062 1319 3131 legitimum
1334 3061 1397 3115 illud

251 3141 378 3199 disortium
389 3146 518 3217 permissa
528 3144 711 3199 innocentibus
723 3144 877 3214 coniugibus
889 3145 1056 3198 matrimonia
1066 3146 1194 3211 videntur,
1209 3146 1298 3199 referri
1313 3152 1398 3219 potest

251 3230 390 3284 Arelatensa
401 3231 516 3301 primum
527 3230 666 3283 concilium
678 3230 740 3284 Gan.
750 3248 775 3283 x.
788 3231 833 3300 qui
845 3228 886 3282 hic
898 3231 981 3283 obiter
992 3229 1167 3283 emendandus
1179 3236 1225 3286 est.
1247 3232 1288 3284 Dc
1299 3230 1347 3295 bia,
1358 3232 1397 3285 in·

251 3314 308 3381 quit,
318 3320 361 3385 qui
372 3320 492 3384 couiayca
503 3334 563 3367 οιιαε
574 3320 601 3367 ira
613 3318 738 3368 adulterio
751 3315 950 3385 deprehendunt,
967 3324 993 3367 ct
1001 3316 1077 3367 iidem
1089 3322 1147 3367 runt
1157 3316 1396 3385 adolescenicsfidc·

252 3400 290 3461 lca,
301 3412 323 3453 et
330 3400 499 3471 prohibeatur
510 3401 613 3463 nubere,
621 3402 725 3471 placuit
734 3405 799 3453 utin
810 3408 929 3470 quactum
937 3409 1022 3470 potest
1032 3402 1162 3453 consilium
1174 3404 1210 3452 cis
1222 3402 1301 3464 detur,
1319 3419 1349 3452 nc
1361 3404 1397 3453 oa·-

252 3485 349 3537 rcrts'bua
359 3487 482 3538 uxoribus
492 3490 556 3549 auia,
568 3488 630 3537 licet
640 3486 775 3548 adulteria,
793 3487 864 3537 olias
874 3488 1016 3555 occipiunt.
1050 3484 1101 3539 Ubi
1117 3487 1283 3556 negationem
1301 3484 1397 3553 deesse,

252 3566 444 3641 legendumque,
462 3580 487 3623 et
499 3590 548 3623 ποπ
556 3571 723 3640 prohibentor
734 3572 826 3622 nubem
837 3576 976 3624 contextus
988 3572 1043 3641 ipse
1055 3572 1179 3625 orationis
1191 3571 1295 3627 indicat.
1330 3571 1399 3626 Nam

253 3653 443 3723 aiprolribcntur
454 3656 564 3721 nubere,
575 3672 629 3709 nou
641 3656 778 3709 consilium
790 3654 823 3709 ad
834 3656 892 3709 illos
905 3656 1075 3723 coirccndos,
1090 3656 1136 3711 sed
1147 3658 1276 3729 praecepti
1286 3658 1398 3712 necessi·

253 3744 285 3790 tas
293 3739 439 3793 adhibenda
449 3741 541 3794 iuerat

307 3825 338 3878 li.
346 3844 393 3879 ττι.
412 3824 454 3886 Ὦς
463 3822 511 3895 γὰρ
524 3826 603 3896 φησίν,
617 3824 630 3877 θ
642 3824 791 3895 circulor]
808 3827 928 3893 Munus,
939 3832 968 3880 ut
978 3828 1046 3881 solet
1055 3828 1140 3881 verbis
1152 3828 1237 3883 lucum
1248 3828 1328 3883 istum
1340 3846 1398 3901 pro·

253 3909 312 3975 tulit,
324 3913 368 3980 qni
379 3912 419 3964 ita
427 3911 527 3966 hicclcs.
537 3928 619 3965 xxrrr.
631 3918 770 3983 concaptus
781 3919 833 3965 eat:
845 3910 980 3982 Ἀναμίσον
990 3910 1075 3983 ιἰρμῶν
1083 3912 1180 3964 λιθίνων
1190 3914 1324 3983 παγήσεται
1335 3912 1398 3966 πάσ-

254 3993 330 4063 oric,
341 3996 382 4047 ul
394 3994 516 4065 ἂναμίσον
527 3993 641 4066 πράσεως
651 3996 691 4049 καί
703 3997 846 4067 ἁγορασμοῦ
858 3996 1038 4069 συντριβήσεται
1049 3996 1162 4068 ἁμαρτία.

308 4079 339 4135 ll.
349 4096 388 4137 rx.
406 4078 483 4133 Ἀλλὰ
495 4082 535 4133 sal
546 4079 571 4133 tv
583 4085 612 4152 τῇ
623 4081 731 4153 πρώτῃ]
749 4082 818 4135 Fcrt
830 4079 869 4134 ἐπὶ
880 4086 910 4153 τῇ
923 4082 1015 4152 πρώτῃ.
1039 4082 1106 4135 Nam
1118 4098 1149 4135 oa
1160 4084 1320 4150 coniectura,
1331 4098 1397 4154 quaa

255 4170 287 4214 ast
295 4166 325 4217 ad
335 4168 495 4237 marginem,
507 4184 541 4221 ex
552 4167 708 4237 typographi
718 4167 920 4222 hallucinatione
932 4166 1044 4220 conflata
1055 4172 1101 4221 ast

310 4250 341 4303 tl.
351 4270 389 4305 xr.
412 4250 454 4312 Ὦς
466 4250 611 4321 περιτιθέασι
622 4252 653 4303 τὰ
664 4251 831 4322 ὑποθήματα]
865 4252 923 4306 Νοιι
939 4251 1003 4305 haec
1019 4266 1036 4304 a
1051 4250 1168 4307 batham
1185 4260 1309 4326 usurpata
1324 4268 1397 4323 pras·

255 4340 345 4400 postera
354 4338 464 4389 restitus
474 4338 554 4400 ratio,
566 4342 596 4389 ut
607 4338 713 4406 quidam
726 4339 871 4403 existimat,
889 4337 935 4390 ssd
946 4336 979 4389 ad
991 4336 1130 4406 superioris
1141 4339 1270 4409 dogmatis
1282 4336 1398 4392 absurdi·

255 4423 322 4473 tatem
336 4422 519 4475 illustrandam
536 4438 568 4475 ea
584 4422 725 4476 similitudo
742 4423 858 4476 retertur.
893 4424 1000 4490 [Verum
1012 4438 1045 4474 ax
1058 4420 1191 4477 Glossarlo
1206 4426 1312 4495 νομιπῷ,
1328 4424 1398 4493 quod
1423 4446 1497 4493 μετα,

256 4500 379 4561 labbaeus
394 4507 485 4573 edidit,
500 4509 618 4561 manarit
630 4506 695 4561 haec
710 4506 889 4573 hallucinatio,
905 4508 944 4560 uti
959 4507 1123 4577 postmodum
1139 4508 1323 4563 intelleximus.
1357 4507 1398 4563 llrl

257 4590 314 4643 cuim
329 4594 455 4662 scriptum
472 4598 522 4645 est:
547 4590 692 4663 Ὀβδονὰρια
708 4594 783 4663 (corr.
795 4590 939 4663 Ὀδονίρια)
951 4590 981 4643 τὰ
997 4595 1175 4663 περιαπτόμενα
1191 4596 1242 4653 τοῖς
1254 4592 1324 4645 ποσίν
1337 4590 1396 4663 θρά-

259 4689 337 4745 νμοτα,
349 4674 366 4728 ἃ
376 4677 473 4748 λέγεται
483 4674 615 4731 πσθίοτανο
626 4677 689 4730 auch
699 4679 820 4750 καθαρῶν·
833 4677 865 4729 rh
875 4675 902 4729 bt
913 4672 979 4729 ἄλλα
991 4677 1073 4747 aidau,
1088 4676 1122 4739 ὡς
1134 4676 1205 4730 εἰπέἶν
1217 4675 1248 4729 τὰ
1259 4676 1284 4739 ἐξ
1294 4676 1396 4749 ἱματίων

259 4762 396 4829 metaurus·
409 4760 504 4833 θπαρθ
514 4780 573 4817 τισιν
585 4758 676 4816 θδώνια
687 4763 815 4832 adulatur,
826 4763 843 4830 ἦ
854 4760 953 4832 βρίααι,
964 4762 1034 4833 χερσὶ
1046 4762 1197 4833 περιτιθέασι,
1215 4762 1358 4825 δακτυλίους
1370 4763 1397 4816 di

260 4846 382 4905 ῑνῖττοοίν.
398 4848 558 4907 Deeatanim
564 4848 819 4921 Epiphaniinoman,
830 4848 992 4903 cuiusrerba
1002 4847 1164 4905 Glossarium
1172 4850 1317 4922 exscripsit
1333 4848 1396 4919 Lag.
