3650 5642
1289 598 1377 655 xcix

236 760 283 817 ροιε
293 749 447 819 lepidam
461 758 527 819 puto
540 747 695 813 Februario,
712 754 824 819 coeperit
839 768 932 803 οιιιινοι
942 768 1033 805 mer.
1055 751 1111 805 Iam
1121 767 1183 807 vero
1197 752 1283 807 anas
1298 755 1379 809 verba
1403 771 1424 811 u·
1433 762 1477 803 ¹⁰⁹·

238 834 326 903 perinde
337 834 432 905 accipit
442 850 472 887 ac
483 834 508 887 si
519 838 588 887 oeset
598 836 735 905 scriptum:
748 835 789 887 ael
800 834 874 896 αὖτὀς
886 832 900 887 ὁ
913 833 1008 901 ’lacon
1019 835 1111 908 ἤρχετο
1122 838 1156 889 ὢν
1167 836 1229 890 ἐτῶν
1239 838 1377 909 τριάκοντα,
1496 854 1510 889 s

238 918 288 989 ὑός,
300 919 330 981 ὡς
341 918 472 991 ἐνομίζετο.
489 918 541 973 Sed
550 918 613 973 haec
622 919 801 991 Scaligerisna
808 920 860 975 loci
870 920 940 974 illius
951 923 1093 992 expositio,
1105 930 1135 976 ut
1142 922 1203 977 binc
1211 926 1377 995 potissimum

238 1006 347 1070 exordiar,
359 1005 475 1059 absurda
486 1010 526 1058 eat
536 1011 564 1058 et
574 1006 692 1060 barbara.
717 1005 781 1070 Quis
791 1006 861 1059 onim
873 1007 909 1059 ita
921 1006 1020 1061 Graece
1030 1009 1178 1078 loquentem
1189 1009 1267 1063 foreis
1283 1008 1377 1076 Ἰησοῦς

237 1084 260 1153 ip
268 1092 298 1141 ὢν
310 1088 458 1161 ἐρχόμενος,
475 1106 523 1161 pro
539 1106 570 1144 eo
583 1091 651 1161 quod
667 1097 719 1144 esta
735 1090 827 1161 ἤρχετο
843 1090 885 1143 ὧν.
914 1092 997 1145 Sudn'
1008 1092 1146 1147 ridiculum
1157 1110 1188 1147 ac
1198 1096 1319 1165 putidum
1329 1102 1378 1161 est,

237 1172 275 1243 ίχό
285 1174 329 1246 ripe
339 1176 374 1227 ὢν
386 1174 536 1247 ἀρχόμενος,
548 1192 595 1246 pro
607 1174 658 1245 ἐγὼ
667 1172 784 1247 ἄρχομαι,
803 1177 882 1247 Atqui
891 1176 957 1231 bano
965 1178 1051 1249 ipsam
1059 1179 1297 1250 interpretationem
1306 1187 1378 1235 auts-

235 1262 295 1329 ponit
304 1262 390 1327 alteri,
406 1277 474 1331 quas
490 1262 577 1314 minus
587 1261 666 1315 babet
676 1260 857 1327 absurditatis,
872 1264 977 1316 tametsi
988 1280 1022 1317 no
1033 1280 1065 1317 ea
1076 1265 1179 1334 quidem
1190 1267 1288 1336 plaeet;
1304 1267 1379 1337 qusai

235 1345 304 1399 lucas
314 1346 340 1399 id
348 1348 473 1411 voluerit,
484 1346 575 1417 ἤρχετο
587 1348 622 1397 ὢν
634 1344 843 1418 opulentitatem,
856 1348 889 1399 ὢν
901 1345 935 1409 ὡς
947 1346 1078 1418 ἐνομίζετο.
1096 1349 1181 1413 Quare
1190 1353 1274 1405 multo
1285 1353 1378 1405 catilla

235 1447 312 1485 senam
323 1434 417 1503 aptior,
430 1438 460 1485 nt
471 1431 505 1483 div
517 1433 550 1485 ed
559 1434 703 1503 posteriora
710 1432 844 1497 referatur,
856 1431 993 1503 ἀρχόμενος
1002 1434 1036 1486 sd
1043 1436 1183 1505 superiora
1201 1430 1251 1487 'lle
1259 1434 1275 1488 ό
1283 1435 1378 1503 Ἰησοῦς

235 1516 352 1587 ἐρχόμενος
362 1514 419 1579 dotti
430 1516 491 1569 ίτῶν
502 1516 531 1587 λ,
544 1518 579 1569 ὢν
587 1515 621 1577 ὦς
631 1515 766 1588 ἐνομίζετο,
779 1517 828 1578 idos
837 1523 885 1571 etc.
902 1518 1063 1589 Epiphanius
1071 1525 1140 1574 certe
1148 1520 1249 1574 haeresi
1256 1538 1377 1586 cxxviii,

236 1618 292 1655 uun.
300 1620 346 1657 err.
359 1603 395 1654 ὢν
404 1603 438 1656 ad
447 1600 511 1673 dioc,
523 1620 577 1657 non
586 1603 619 1657 ad
628 1600 763 1674 ἂρχόμτνος
771 1604 899 1673 pertinere
909 1604 1008 1670 docuit,
1019 1621 1078 1658 eom
1088 1606 1127 1658 ita
1137 1606 1223 1659 locum
1234 1606 1309 1659 illum
1319 1624 1379 1677 pro·

236 1688 291 1739 ulit:
302 1686 339 1740 dri
350 1689 386 1740 ὢν
398 1688 462 1757 tet„
474 1685 508 1749 ὡς
520 1685 643 1759 ἐνομίζετο
655 1686 755 1757 Ἰωσήφ.
783 1688 932 1752 Quinetiam
942 1688 1042 1743 haeresi
1053 1708 1127 1756 xxx„
1141 1708 1214 1747 uum.
1226 1709 1299 1747 am.
1310 1686 1340 1757 ἦν
1352 1690 1379 1743 ei

236 1770 314 1836 Ἰησοῦς
325 1771 463 1844 ἀρχόμενος
475 1767 541 1825 εἶναι
565 1773 617 1827 Sed
634 1774 824 1827 controversiae
837 1776 1049 1845 quaestionisque
1060 1781 1140 1846 capnt
1149 1776 1177 1831 in
1188 1774 1242 1837 ὡςεί
1252 1777 1380 1846 particula

236 1860 333 1926 positum
344 1866 397 1923 est,
410 1859 480 1931 quod
492 1860 672 1929 utplurimum
684 1856 830 1929 ἀπορητικον
847 1876 905 1913 esse
921 1862 989 1914 solet
1003 1866 1030 1913 et
1040 1860 1073 1913 de
1082 1862 1197 1931 perfectu
1208 1863 1379 1932 absolutoque

238 1945 329 1997 reistatu
340 1944 460 1999 ncnniluil
472 1943 591 1999 detrahit
609 1946 664 1999 lloc
673 1962 735 1998 vero
743 1945 802 1999 loco
810 1962 864 1999 non
872 1942 1029 2015 ιἰπορητιιιον,
1041 1946 1087 1999 sod
1098 1944 1220 2015 ἀληθινόν,
1232 1962 1263 1999 ac
1272 1963 1379 2019 prorsus

236 2028 407 2083 affirmativum
418 2046 477 2083 cese
488 2030 605 2099 Scaliger
617 2036 714 2083 etcum
726 2046 756 2084 eo
768 2032 884 2101 plerique
896 2032 1019 2086 sentiunt.
1042 2030 1093 2094 Qui
1107 2031 1172 2085 mibi
1183 2033 1236 2084 eim
1251 2048 1379 2103 usumque

237 2116 325 2168 verulae
336 2115 414 2169 iatius
425 2132 479 2169 non
491 2116 555 2169 satie
566 2116 778 2169 animadvertisse
790 2116 918 2172 videntur.
941 2115 995 2169 Noa
1005 2117 1134 2187 triplicem
1144 2118 1214 2170 illius
1225 2124 1380 2188 potestatem

238 2200 291 2269 epod
297 2200 412 2255 linceos
423 2200 626 2255 observavimus.
645 2201 733 2253 Prima
741 2207 792 2266 est,
805 2218 864 2255 cum
876 2198 1058 2270 ίνδοιιιιτοιῶς,
1070 2203 1112 2255 eel
1123 2200 1288 2272 ἇτορητιιιῶς,
1300 2204 1381 2257 sumi·

237 2292 275 2351 tur,
283 2293 311 2339 ut
318 2286 388 2357 apud
397 2286 497 2341 Lucam
508 2302 563 2357 cap.
572 2302 641 2349 τινι,
653 2286 707 2339 ll:
721 2286 761 2337 καί
770 2284 843 2347 αὐτός
853 2282 996 2352 ιὀττσιεόοίη
1005 2284 1048 2337 ἆτ’
1057 2286 1139 2338 αὐτῶν
1148 2284 1202 2347 ὡςεὶ
1211 2286 1281 2339 λίθον
1289 2288 1379 2359 βολιίνς

237 2378 313 2442 ettap.
323 2391 345 2437 r,
360 2372 409 2425 562
429 2369 504 2443 ipsivs
521 2370 547 2423 δί
558 2367 660 2441 Μαριὰμ
671 2372 715 2423 obv
727 2370 788 2442 αὐτῇ
801 2368 855 2431 deul
868 2374 944 2441 μῆνας
955 2374 1026 2442 τρεῖς.
1050 2371 1169 2425 Secunda
1179 2373 1219 2425 vis
1231 2378 1271 2425 est
1281 2390 1380 2443 συγκρι-

237 2455 289 2525 tui,
303 2458 359 2511 eive
370 2458 556 2528 comparativa.
577 2454 618 2509 Its
628 2456 689 2511 Luc.
701 2476 745 2511 m:
763 2455 804 2508 καὶ
821 2456 955 2524 καταβῆναι
970 2456 999 2508 rb
1016 2460 1111 2526 πνεῦμα
1122 2455 1150 2508 rb
1163 2455 1233 2527 ἅγιον
1244 2463 1380 2529 σωματικῷ

238 2540 341 2603 simini
352 2540 503 2613 περιστερόν.
530 2540 683 2611 Quanquam
700 2542 763 2595 haec
778 2542 905 2613 posterior
919 2542 992 2595 notio
1009 2542 1042 2594 ed
1058 2542 1171 2613 priorem
1187 2548 1275 2613 potest
1284 2543 1380 2597 reterri.

238 2627 297 2688 Quod
306 2628 376 2681 enim
388 2628 464 2681 alteri
474 2626 558 2681 simile
567 2626 667 2692 dicitur,
679 2644 732 2681 nou
743 2627 812 2680 idem
823 2632 864 2681 est
875 2628 990 2683 omniuo.
1007 2627 1094 2681 Tertio
1103 2628 1208 2681 demum
1217 2627 1380 2699 αίτιολογοιον

238 2718 269 2764 set
278 2710 339 2783 ὡςεὶ,
350 2714 408 2767 siro
418 2712 587 2768 csmadeum.
612 2710 678 2765 Nam
690 2714 783 2783 siquis
795 2712 932 2782 diligenter
942 2712 1091 2778 attenderit,
1101 2714 1217 2767 inveniet
1225 2715 1380 2784 particulam

238 2794 263 2857 ἐς
271 2798 306 2851 τοί
314 2796 381 2867 besl,
393 2798 446 2852 nisi
457 2797 584 2851 ambobus
593 2798 644 2851 illis
653 2796 737 2851 modis
747 2804 893 2867 usurpetur,
906 2799 1177 2865 csussarueontinero,
1188 2805 1381 2871 propterquam

238 2882 257 2933 il
266 2885 329 2953 quod
340 2889 460 2939 narratur
472 2884 601 2938 acciderit
623 2883 668 2937 Sic
680 2883 748 2953 apud
758 2882 899 2936 Homerum
910 2880 1012 2937 Ὀδοοο.
1027 2883 1051 2952 ξ,
1062 2882 1121 2938 253.

527 2966 662 3039 Ἐπλίομεν
674 2968 751 3038 Βορέῃ
764 2964 846 3038 ἀνέμῳ
859 2966 955 3039 irrepsit,
967 2968 1058 3039 καλῷ,-

527 3052 651 3123 Ῥηίόίιος,
664 3051 718 3114 ιίνςεί
729 3070 755 3105 τε
766 3052 828 3105 κατὰ
840 3052 906 3123 ῥόον.

237 3140 279 3194 Cur
293 3140 369 3195 laeile
384 3138 534 3211 navigera,
552 3154 672 3193 caussam
687 3140 802 3193 continet
816 3156 869 3191 vox
885 3136 953 3207 ὡςιί,
969 3137 1088 3192 videlicet
1103 3139 1173 3208 quod
1188 3140 1301 3194 meando
1316 3141 1382 3195 marl

236 3226 339 3292 latretur,
353 3224 388 3288 ὡς
399 3224 424 3278 ἐν
436 3224 507 3278 ὕδατι
518 3224 585 3277 κάτω
597 3224 688 3295 ῥέοντι,
705 3224 745 3275 καί
758 3222 787 3275 οὗ
800 3227 883 3293 στατῷ
896 3221 951 3274 κατ’
963 3220 1064 3289 lodi-que
1076 3221 1224 3296 ἐπιφανείας,
1242 3227 1280 3279 ait
1290 3226 1381 3281 Eusta-

237 3310 303 3366 tlslus.
327 3312 452 3365 Similiter
469 3313 496 3365 iu
511 3310 556 3364 illo
571 3310 676 3364 Ioannis
691 3310 761 3375 loco,
780 3308 853 3370 δόξαν
870 3306 903 3369 ὡς
920 3312 1077 3379 μονογενοῦς
1100 3311 1210 3377 plesiaci
1227 3314 1291 3379 cius,
1309 3316 1384 3382 quusi

237 3402 359 3465 νιίρειᾰιό,
378 3396 511 3467 ίμροτοιον
531 3402 558 3449 et
577 3394 739 3465 ιιίτιολοχιιιὶιν
760 3400 801 3447 est
820 3392 861 3454 ὡς.
903 3392 956 3447 Cur
972 3394 1041 3447 enim
1058 3400 1132 3447 unta
1148 3396 1182 3448 sit
1202 3397 1297 3465 gloria,
1320 3413 1382 3451 con·

237 3482 328 3537 ditionis
344 3484 401 3536 eius
418 3498 449 3535 eo
464 3482 585 3551 dignitati
598 3480 675 3534 debet
690 3480 810 3533 adscubi.
839 3478 925 3543 Quare
939 3478 1009 3532 idam
1025 3474 1066 3533 e'st
1083 3482 1152 3550 quod
1168 3491 1258 3551 ιιροιι.
1288 3480 1340 3535 Sed
1351 3498 1383 3535 oa

237 3568 381 3636 notificatio
392 3568 535 3637 parn'culse
546 3564 579 3627 ὡς
590 3567 677 3637 potine
695 3582 773 3635 quam
789 3562 843 3625 ὡςιί
860 3565 987 3618 convenit
1013 3564 1081 3630 Imo,
1097 3572 1128 3617 ut
1141 3566 1170 3617 in
1180 3565 1314 3620 Thesauro
1325 3568 1382 3622 Sta·

237 3651 325 3718 pbsnue
335 3658 440 3717 monet,
451 3648 506 3712 ὧςεί
517 3652 676 3721 frequentius
685 3656 824 3722 usurpatur
832 3666 879 3721 pro
888 3654 1000 3713 circiter,
1006 3654 1077 3718 sere,
1090 3664 1121 3703 ao
1128 3650 1239 3705 tortasse
1247 3668 1382 3723 nunquam

236 3738 305 3804 ιίίιετ,
316 3738 468 3809 praeseru’m
479 3738 507 3791 in
518 3752 596 3808 prosa
606 3738 723 3791 oratione
734 3737 853 3790 sumitur.
877 3735 950 3789 Unde
962 3736 1070 3804 colligas
1081 3752 1215 3807 perpetem
1231 3738 1336 3791 loannis
1352 3740 1383 3791 il-

238 3822 382 3877 lemloeum
393 3822 463 3875 adid
474 3820 572 3891 afferri,
584 3828 615 3876 ut
625 3824 770 3877 tricesimus
783 3836 868 3875 annus
877 3821 975 3874 solidus
986 3836 1017 3873 ac
1029 3822 1173 3891 completus
1183 3822 1307 3892 baptismi
1317 3829 1382 3877 tem·

238 3924 288 3975 pore
299 3909 381 3963 luisse
392 3908 518 3963 rideatur.
540 3906 655 3961 Primum
667 3908 703 3961 ibi
714 3914 755 3961 eet
766 3905 812 3976 ὡς,
824 3924 877 3959 non
889 3903 957 3975 ιίιςεί,
970 3911 997 3957 et
1007 3906 1076 3976 apud
1087 3907 1253 3976 interpretem
1264 3915 1383 3964 nostrum

237 3994 377 4059 pertidum
389 4000 431 4047 eet
441 4008 472 4047 so
483 4003 610 4063 tauquam.
639 3993 737 4046 Deinde
754 3990 923 4061 αίτιολογιιιῶς
939 3998 966 4044 et
980 3989 1118 4061 ίμρατοιῶς
1135 3999 1283 4063 usurpatur.
1305 3995 1339 4047 At
1354 3996 1383 4046 in

238 4080 305 4133 utero
318 4080 362 4133 illo
373 4078 460 4132 Lucae
472 4081 529 4133 loco
542 4076 596 4139 ὡςεὶ
608 4076 756 4149 αἰτιολογίαν
768 4078 867 4131 nullam
884 4082 930 4129 aut
945 4072 1048 4146 ἔμφασιν
1058 4074 1148 4141 babet,
1164 4084 1210 4131 sut
1219 4094 1281 4134 vero
1293 4078 1382 4133 siruili-

237 4166 348 4221 tudinem.
372 4164 432 4219 Non
443 4170 511 4219 recte
522 4164 604 4233 igitur
615 4180 674 4217 eum
686 4164 817 4233 superiore
828 4162 967 4215 confertur.

292 4251 330 4304 De
342 4252 461 4304 οεαιοιίί
471 4248 577 4303 notione
589 4249 658 4319 quod
668 4248 790 4319 proponit
801 4247 925 4317 Scaliger,
943 4244 1007 4298 nibil
1021 4247 1054 4299 sd
1065 4262 1121 4299 rem
1131 4248 1202 4301 iacit
1226 4250 1301 4302 Aliud
1314 4248 1383 4301 enlm
1408 4266 1430 4308 ρ.
1440 4260 1483 4301 ιιι.

238 4345 266 4387 ιιι
276 4338 424 4409 medos,
442 4334 511 4389 eliud
528 4340 603 4405 ρνοιι·
613 4336 759 4397 anniculae,
776 4334 807 4385 de
819 4348 870 4403 quo
882 4348 966 4385 sermo
978 4332 1054 4384 nobis
1065 4338 1113 4387 est.
1137 4334 1247 4402 Reliqua
1258 4333 1384 4403 Scaligeri

238 4422 343 4475 roleeu'o
353 4422 489 4492 implicata
501 4426 527 4474 et
537 4421 622 4473 inanis
634 4424 681 4473 ost
712 4418 778 4472 Nam
797 4419 855 4487 quis
866 4417 931 4469 haec
946 4418 1092 4487 intelligat?
1122 4418 1152 4471 Si
1168 4416 1221 4477 όιςεί
1236 4416 1383 4488 ἀπορητικὸν

238 4507 273 4570 sit,
288 4508 344 4561 diss
355 4512 460 4560 nutum
471 4522 519 4571 aa,
536 4510 583 4559 aut
596 4506 628 4558 ad
646 4520 778 4559 summum
791 4518 908 4556 moneam
920 4502 952 4554 ed
964 4502 1103 4555 rotundum
1115 4502 1227 4555 defuisse
1239 4518 1382 4558 numerum.

239 4588 308 4651 Quare
325 4599 355 4647 ut
371 4591 486 4645 lmuarll
498 4608 532 4647 νι.
549 4592 693 4661 baptisatus
710 4590 800 4653 luerit,
816 4588 954 4641 Februario
971 4601 1060 4639 mense
1075 4588 1235 4640 tricesimum
1251 4590 1380 4659 implesse.

240 4672 305 4735 Quasi
313 4693 375 4733 soro
388 4676 434 4747 qul
446 4673 500 4737 ὡςεί
511 4676 580 4747 apud
590 4676 688 4731 Lucem
700 4672 853 4745 ἂτορητιιῶς
865 4673 934 4726 anmi
941 4674 1091 4738 voluerunt,
1103 4672 1233 4725 cidnum
1244 4672 1383 4729 Februario

240 4772 314 4817 ususe
324 4770 419 4817 natum
430 4778 489 4817 esse
500 4760 666 4827 crediderint3
676 4766 707 4814 ut
715 4760 851 4823 Onnfriue,
864 4758 909 4827 qui
918 4758 1070 4811 duodecimo
1080 4772 1161 4827 prope
1172 4772 1262 4812 mense
1270 4762 1383 4831 postba·

241 4848 350 4909 Quum
365 4854 485 4904 verteme
499 4848 607 4919 triginta
623 4846 727 4902 demum
743 4860 831 4900 annos
843 4844 959 4899 evolutos
976 4844 1114 4898 existimat
1147 4840 1237 4915 Neque
1253 4860 1314 4899 vero
1329 4842 1384 4906 ὠςιί

1141 4946 1182 4997 G.
