3650 5642
449 617 551 674 CXXX

448 792 490 827 xv.
515 772 640 836 Quocirca
651 772 691 825 vel
703 770 856 825 indictiones
867 769 1003 825 &manse
1014 770 1067 824 iarn
1078 775 1136 824 tum
1152 768 1299 823 alanusrio
1313 767 1452 823 inchoatae
1462 772 1520 822 sunt
1538 767 1588 819 etin

448 860 571 912 ultimum
588 856 738 911 Decembris
756 856 825 910 diem
843 855 954 921 desitne,
971 856 1014 908 rel
1030 872 1077 925 pro
1094 870 1169 910 nccr.
1185 855 1255 927 spud
1270 854 1369 908 Bedam
1380 852 1590 923 »rengerium

448 943 667 1013 quemadmodum
678 942 774 1013 legisse
786 940 940 996 scholiastes
951 941 1060 1005 ridetur,
1077 941 1120 994 rel
1130 940 1241 1011 denique
1252 940 1357 993 indictio
1368 958 1414 993 xv.
1425 956 1473 1010 pro
1483 956 1534 992 ιιι.
1542 937 1591 989 suh

448 1030 585 1083 stituenda.
620 1027 693 1092 Quod
706 1029 728 1081 si
740 1042 803 1083 nce.
817 1044 916 1081 annum
927 1025 999 1080 Beda
1015 1026 1132 1097 scripsit,
1149 1032 1205 1079 turn
1221 1026 1312 1097 utique
1323 1044 1419 1080 ιιιιιι.
1435 1040 1504 1078 anno
1519 1024 1549 1075 ab
1561 1023 1591 1073 in·

448 1114 598 1167 cemstione
614 1130 709 1184 pessus
726 1115 776 1167 erit
792 1113 926 1177 dominus,
943 1112 1037 1165 aetatis
1049 1130 1133 1165 mn.
1150 1113 1264 1165 ineunte.
1298 1111 1393 1165 Paulus
1410 1110 1592 1178 Forceempron

446 1200 491 1252 lib.
504 1218 538 1253 ιν.
551 1198 675 1253 Paulinae
687 1214 761 1255 nccr.
773 1198 877 1269 quidem
894 1214 992 1251 annum
1007 1198 1057 1251 hoe
1072 1198 1100 1251 in
1112 1196 1199 1251 Redee
1209 1198 1268 1251 loco
1279 1198 1379 1268 poenit,
1396 1196 1444 1250 sed
1459 1194 1594 1266 sparsione

447 1300 569 1350 neurim,
581 1302 634 1339 non
644 1300 772 1339 ncnxrrrr.
789 1285 831 1338 Ex
843 1300 895 1355 quc
906 1284 1021 1354 idipsum
1029 1282 1100 1353 qnod
1108 1283 1186 1336 modo
1197 1282 1404 1353 significavimus
1415 1282 1526 1351 colligit,
1536 1278 1595 1331 Chri·

447 1376 516 1423 stum
532 1386 567 1423 ex
584 1372 688 1425 illorum
705 1371 834 1425 sententia
844 1386 953 1441 pessum
964 1386 1023 1423 esse
1034 1369 1128 1423 setutis
1139 1384 1209 1421 anno
1217 1386 1290 1421 ιιιι.
1303 1384 1362 1421 cum
1372 1367 1459 1421 tribus
1469 1365 1595 1420 mendhus.

448 1456 548 1507 Etenim
561 1461 634 1523 anesi,
648 1457 744 1527 inquit,
763 1476 780 1509 o
788 1460 909 1527 passione
921 1466 946 1508 et
956 1459 1135 1508 incarnatione
1146 1456 1231 1507 eodem
1242 1456 1285 1507 dic
1294 1453 1461 1518 inchoaretur,
1473 1452 1519 1505 boc
1528 1449 1594 1502 esich

446 1558 502 1595 viu.
515 1542 578 1595 Kal.
591 1544 657 1613 Apr.
680 1542 753 1611 Erpo
769 1559 868 1595 necesse
885 1552 922 1594 est
935 1543 1070 1594 secusdum
1083 1540 1183 1593 Bedese
1199 1548 1274 1593 totum
1286 1540 1356 1591 illusa
1372 1558 1481 1603 amasse,
1497 1540 1538 1607 psi
1549 1546 1596 1587 eret

446 1643 519 1683 nccr.
531 1629 564 1681 ab
576 1632 767 1691 incarnatione,
779 1644 832 1679 esse
844 1630 1107 1697 apassiosencnxrx.
1124 1625 1242 1679 Detrahe
1250 1629 1303 1677 inse
1311 1642 1392 1677 cesos
1400 1640 1504 1679 ocum
1512 1634 1595 1679 ouem,

446 1715 577 1767 restabunt
585 1718 649 1767 uerri
656 1730 732 1768 ιιιιι
742 1713 774 1765 ab
782 1716 963 1765 incarnatione
971 1714 1165 1782 adpersionem.
1183 1712 1310 1765 Deductis
1319 1710 1448 1763 membris
1458 1726 1539 1762 seren
1545 1722 1596 1775 pre

446 1818 489 1851 ress
501 1810 538 1854 cst
550 1800 665 1853 Christus
677 1816 743 1851 anno
755 1816 827 1853 xm.
841 1816 897 1851 eum
909 1799 989 1851 trihm
999 1798 1131 1851 recumbes.
1153 1797 1223 1851 Haec
1237 1797 1289 1850 ille.
1312 1796 1412 1849 Verum
1429 1800 1553 1867 repugna
1564 1791 1595 1842 in·

447 1886 538 1951 dictio,
550 1885 600 1938 nisi
613 1884 686 1937 aliter
697 1884 771 1937 locus
783 1883 942 1937 emendetur.
959 1882 1001 1936 Ex
1011 1883 1044 1937 iis
1056 1883 1178 1937 omnibus
1186 1880 1445 1937 validissimeBedse
1455 1882 1503 1934 ssla
1512 1875 1596 1932 sanctio

446 1971 578 2040 refellitur,
592 1986 644 2039 que
655 1986 688 2023 ex
701 1969 825 2023 ecclesiae
836 1968 887 2022 fide
897 1967 1028 2022 Christum
1036 1974 1113 2039 putat
1122 1973 1254 2023 munuum
1266 1984 1336 2021 anno
1343 1986 1452 2033 mm,
1463 1966 1596 2031 vixiseccu

446 2072 530 2109 annos
542 2072 639 2121 ιιιιιι,
657 2071 760 2109 menses
773 2073 811 2111 ιιι.
846 2054 931 2119 Quam
942 2054 1048 2125 quidem
1059 2054 1209 2125 opinionem
1220 2058 1341 2107 semines
1351 2071 1392 2118 sc,
1407 2057 1455 2123 qus·
1465 2052 1597 2122 potitum

445 2145 570 2211 reperisse
581 2140 677 2194 Paulus
689 2140 862 2210 Middelburg.
874 2140 997 2205 affirmat,
1009 2140 1073 2210 quin
1085 2145 1112 2193 et
1121 2138 1222 2193 Bedsm
1233 2154 1251 2192 a
1261 2155 1290 2192 se
1299 2140 1357 2209 ipso
1369 2138 1517 2201 dissentire,
1526 2132 1596 2205 quiin

446 2225 587 2293 Chronico,
599 2228 654 2281 sire
665 2227 710 2282 lib.
724 2226 756 2279 de
768 2225 822 2280 Sex
831 2226 978 2290 Aetatibus,
990 2225 1109 2295 Augusto
1121 2240 1205 2279 annos
1216 2242 1261 2280 ιιι
1272 2230 1299 2277 et
1308 2240 1355 2278 ser
1367 2240 1476 2279 menses
1486 2222 1596 2288 assignet

445 2317 502 2365 tum
514 2312 645 2367 Christum
658 2330 726 2366 anno
743 2312 814 2367 illius
826 2330 890 2365 nnrr.
906 2311 934 2364 in
951 2310 1021 2365 hunc
1037 2310 1165 2364 mundum
1180 2310 1316 2365 advenisse
1332 2310 1437 2377 scribit,
1454 2324 1524 2363 anno
1533 2302 1596 2357 Urbis

445 2414 559 2465 occurs,
572 2398 675 2469 Olymp.
686 2413 774 2451 cxciv.
786 2414 855 2451 anno
867 2396 956 2461 tertio,
968 2412 1077 2467 pessum
1088 2412 1149 2450 rero
1160 2396 1340 2451 'liberiixrrm
1362 2394 1439 2449 Unde
1450 2402 1596 2460 comeum

446 2492 486 2538 est
494 2486 592 2537 vixisse
603 2484 653 2537 suh
662 2485 781 2553 Augusto
790 2498 873 2536 annos
883 2500 937 2546 ιιι,
947 2498 1052 2536 menses
1061 2500 1103 2548 1¹3
1114 2482 1164 2535 sub
1173 2482 1277 2536 'liberio
1289 2498 1373 2535 annos
1381 2500 1452 2548 mr,
1463 2493 1561 2535 menses
1567 2490 1595 2525 τι

446 2570 610 2639 colliguntur
622 2568 684 2621 anui
696 2586 784 2633 xxxn,
796 2583 899 2621 menses
911 2586 943 2623 111
954 2568 988 2621 ab
999 2568 1191 2634 incarnation03
1203 2568 1364 2621 anufidtate
1376 2568 1441 2621 anni
1449 2584 1526 2628 mr,
1536 2576 1595 2615 men·

445 2672 486 2709 ees
498 2674 538 2710 111.
574 2654 700 2718 Quocirca
716 2659 817 2708 veteres
828 2652 1064 2725 Middelbnrgensis
1079 2654 1214 2707 existimat
1229 2652 1331 2707 Christo
1348 2654 1377 2706 in
1392 2669 1479 2708 cerne-
1487 2648 1596 2705 tribuisse

444 2756 527 2793 annos
540 2756 626 2793 ιιιιιι
642 2738 758 2792 nondum
775 2739 922 2805 absolutos,
938 2742 984 2793 scd
998 2758 1049 2792 corr
1065 2742 1103 2792 cd
1113 2740 1203 2793 Bedce
1219 2757 1317 2792 sessore
1333 2742 1377 2809 poi
1387 2738 1433 2792 loce
1443 2754 1525 2792 aseer
1534 2742 1595 2789 estre

444 2836 539 2877 uterum
552 2845 569 2877 a
582 2826 666 2877 natali
678 2834 815 2894 computet,
827 2824 873 2877 sed
883 2824 933 2889 its,
944 2829 975 2877 nt
986 2825 1019 2878 ab
1030 2825 1209 2880 incarnatione
1219 2825 1278 2895 ipsa
1288 2829 1467 2878 numerentur.

512 2909 579 2963 Nam
591 2909 661 2979 quod
673 2910 798 2971 ecclesius
815 2910 954 2963 autoritate
971 2910 1017 2980 qui
1034 2926 1095 2963 cum
1105 2910 1193 2964 Bodas
1209 2911 1366 2965 sententiam
1381 2910 1457 2964 illam
1473 2905 1597 2962 adstruunl

444 2997 491 3051 niti
503 3012 532 3049 se
543 2995 705 3067 profitentur,
717 2994 795 3048 velim
808 2994 911 3048 concilii
922 2995 1032 3049 alicuius
1041 2996 1185 3062 decretum,
1197 2995 1247 3049 hoc
1257 3001 1299 3049 est
1309 3012 1476 3049 communem
1486 2990 1596 3047 eedeeiue

444 3098 546 3148 rocem,
565 3087 610 3135 aut
627 3082 792 3151 antiquomm
810 3084 879 3134 certe
891 3080 998 3134 Petrum
1015 3088 1178 3135 constantem
1194 3084 1222 3135 in
1236 3082 1283 3135 ills
1297 3082 1394 3135 tuenda
1409 3080 1596 3135 consensionem

443 3168 587 3239 proferant,
611 3168 680 3239 quod
697 3184 832 3239 nunquam
850 3167 957 3221 omnino
973 3166 1115 3239 perficient
1157 3166 1212 3221 Neo
1230 3168 1300 3221 enirn
1320 3168 1449 3238 ignorare·
1461 3174 1596 3238 possulum,

444 3260 602 3326 quantopere
614 3270 630 3307 e
641 3271 670 3308 se
681 3254 793 3309 invicem
803 3252 852 3309 PP.
867 3270 958 3308 omnes
970 3269 1031 3307 cum
1042 3254 1070 3307 in
1081 3269 1150 3307 suno
1160 3254 1304 3323 passionis,
1322 3259 1379 3307 tum
1394 3252 1423 3305 in
1433 3252 1476 3305 die
1487 3253 1544 3322 ipso
1554 3246 1596 3298 dit

443 3340 552 3394 sidesnt.
584 3341 706 3395 irenaeus
723 3340 901 3411 apostolorum
916 3339 1106 3410 propemodum
1121 3338 1237 3409 aequalis
1252 3339 1320 3392 inter
1335 3337 1561 3409 quadragesimum
1574 3335 1595 3381 tl

444 3426 692 3497 quinquagesimum
708 3442 807 3478 sunum
825 3425 917 3477 aetatis
935 3440 999 3477 suue
1017 3440 1126 3494 passum
1146 3440 1204 3477 esse
1224 3424 1380 3477 salvatorem
1397 3425 1503 3489 asserit,
1519 3421 1560 3474 lib.
1572 3433 1596 3469 u·

443 3528 500 3580 esp.
509 3512 563 3575 39„
576 3512 654 3581 idque
666 3526 694 3563 se
706 3516 777 3562 etex
790 3508 928 3579 evangelio
940 3514 967 3562 et
976 3508 1082 3563 loannis
1094 3510 1271 3579 evangelistae
1284 3509 1431 3580 discipulis,
1443 3508 1513 3579 quod
1523 3522 1539 3558 a
1549 3517 1594 3555 mr·

443 3596 525 3663 gistro
538 3601 703 3665 occeperunt,
715 3593 834 3647 didicisse
847 3592 992 3648 confirmat.
1011 3593 1094 3657 Quem
1104 3594 1205 3649 Irenaei
1214 3596 1302 3649 locum
1315 3612 1368 3649 non
1380 3600 1451 3647 recte
1461 3594 1490 3647 in
1501 3586 1595 3646 mali·

443 3680 492 3731 bus
504 3680 664 3732 intellectum
676 3678 759 3731 rideo.
782 3676 886 3747 Negent
901 3678 971 3731 enim
982 3680 1086 3748 penitus
1103 3677 1152 3733 hoe
1168 3680 1201 3734 ab
1212 3678 1319 3734 Irenaeo
1337 3696 1395 3733 esse
1406 3680 1538 3750 scriptum.
1558 3671 1595 3725 Ni·

443 3764 538 3817 mirum
549 3764 634 3817 ahena
645 3778 725 3817 manu
734 3763 860 3817 insertum
869 3763 958 3818 rideri
976 3762 1057 3817 Cuius
1066 3764 1229 3819 coniecturae
1238 3782 1356 3820 csussum
1364 3764 1433 3818 hanc
1441 3764 1595 3836 potissimum

442 3848 566 3915 afferunt,
583 3849 653 3919 quod
671 3848 762 3901 eodem
779 3846 862 3919 cupite
879 3849 958 3919 paulo
975 3855 1037 3903 aute
1053 3850 1211 3904 contrarium
1225 3850 1363 3921 profitetur
1372 3851 1533 3921 bepdretnn
1547 3858 1595 3898 uati

442 3935 585 4001 Christum,
603 3952 662 3989 cum
673 3934 859 4005 propemodum
872 3952 926 3987 ιιι
939 3940 1009 3988 esset
1020 3951 1161 4001 annorum,
1176 3952 1207 3989 ae
1218 3936 1327 3990 subinde
1337 3936 1388 3990 tria
1397 3935 1523 4007 paschata
1532 3945 1594 4003 perr

442 4022 526 4092 gisae,
542 4036 652 4091 quornm
668 4022 695 4075 in
711 4020 786 4075 tertio
803 4020 838 4073 sit
854 4035 956 4091 pessus.
980 4019 1041 4074 ideo
1059 4020 1129 4091 quod
1144 4021 1311 4092 subiungitur
1321 4038 1422 4076 meram
1432 4021 1594 4093 impostorem

442 4124 499 4162 esse
510 4111 592 4177 putat
1109 4123 1113 4129 ’

510 4192 561 4246 Sed
573 4190 620 4244 huc
633 4192 783 4246 coniectura
799 4188 864 4245 nihil
880 4192 914 4245 ab
925 4191 1025 4246 Irenaei
1035 4198 1123 4246 mente
1134 4197 1162 4245 et
1171 4192 1303 4246 sententis
1313 4192 1379 4263 fingi
1389 4196 1477 4263 potest
1485 4190 1593 4245 alienius

442 4282 554 4335 Tantum
567 4277 635 4332 enim
647 4277 722 4331 abest
732 4284 762 4331 ut
772 4277 837 4331 haec
849 4276 946 4331 irenaei
957 4277 1063 4348 propris
1073 4294 1127 4332 non
1142 4278 1207 4342 sint,
1223 4283 1253 4331 ut
1269 4278 1343 4331 aliter
1360 4294 1438 4348 quarn
1455 4278 1479 4331 si
1493 4279 1530 4330 ita
1544 4290 1592 4329 ser·

440 4367 502 4419 tiret
513 4380 543 4419 uc
557 4363 680 4418 scriberet
695 4362 764 4417 illius
780 4362 920 4434 procedere
936 4361 1077 4433 disputatio
1095 4363 1167 4417 nullo
1184 4363 1263 4416 modo
1279 4364 1400 4434 potnerit.
1435 4363 1499 4434 Agit
1514 4358 1592 4417 inille
1614 4403 1615 4408 ι

343 4444 347 4452 “
441 4451 499 4503 loco
517 4454 605 4503 contra
622 4448 760 4503 Gnoslicce
776 4448 907 4503 tricensrii
921 4449 1024 4501 numeri
1034 4464 1064 4501 ac
1074 4448 1226 4519 pleromatis
1237 4454 1375 4519 patronos,
1392 4449 1437 4519 qui
1453 4466 1516 4505 ιιι.
1534 4458 1592 4500 anno

441 4536 547 4591 ineunte
562 4536 720 4606 baptizatum
738 4532 882 4599 Christum,
899 4533 991 4587 eodem
1002 4550 1063 4587 rerc
1078 4550 1160 4598 anno,
1175 4550 1266 4587 meuse
1277 4552 1324 4591 ιιι.
1338 4550 1446 4606 pessum
1462 4550 1521 4586 esse
1535 4533 1591 4585 dice

440 4620 511 4673 bant.
530 4621 600 4685 Quos
613 4638 646 4673 ex
658 4618 761 4673 loannis
773 4618 908 4689 euangelio
920 4619 1028 4681 refellit·
1039 4620 1067 4671 in
1079 4634 1131 4688 quo
1142 4618 1320 4674 triudistincte
1330 4620 1456 4691 paschata
1465 4632 1591 4673 numerar-

440 4710 492 4759 tnr.
510 4706 568 4759 Non
578 4707 659 4775 igitur
667 4720 719 4758 nno
731 4720 800 4758 anno
812 4704 1002 4775 praedieatione
1013 4704 1118 4757 iunctus
1129 4709 1177 4757 est
1193 4702 1284 4775 Neque
1291 4722 1353 4760 vero
1361 4704 1592 4777 dirumperetur

440 4790 478 4843 sic
490 4792 578 4844 attulit
588 4792 722 4854 irenaeus,
740 4796 832 4845 utnon
845 4790 920 4862 plura
931 4788 1063 4844 Christum
1075 4788 1189 4844 obirisse
1200 4791 1325 4856 crederet,
1342 4792 1390 4845 sed
1401 4791 1471 4862 quod
1482 4790 1549 4862 apud
1558 4790 1590 4841 lo

440 4890 535 4927 aunem
546 4876 644 4943 liquida
656 4877 702 4929 illa
713 4882 739 4929 et
751 4890 875 4945 expressa
885 4876 1016 4946 leguntur,
1029 4892 1062 4930 ex
1079 4876 1112 4929 iis
1127 4876 1219 4930 saltem
1236 4877 1268 4929 ed
1284 4876 1389 4931 tertium
1404 4893 1488 4947 usque
1504 4890 1589 4930 ennon
