3650 5642
1238 647 1393 704 cuixxm

241 796 396 854 theodoreto
406 797 582 854 etAtlnuasio
592 803 730 854 munins.
746 799 784 854 De
794 799 898 854 Liberiu
909 815 971 854 sero
983 799 1062 854 etiem
1070 799 1222 856 Ammianus
1232 802 1277 856 lib.
1286 821 1329 858 xv.
1345 803 1392 857 liis

243 884 277 936 ita
285 885 406 938 umectis
416 885 557 955 imperatur
566 901 637 938 auno
648 885 767 954 sequenti
778 885 854 938 tertio
864 883 974 938 Kalend.
985 885 1070 938 bisiae
1082 885 1194 940 Rumm
1207 903 1264 941 sese
1276 888 1393 954 contulit,

244 973 270 1020 at
281 969 348 1023 iden
357 970 513 1024 Ammianus
528 975 603 1024 autur
618 976 659 1024 est
667 970 715 1024 lib.
722 987 776 1024 svn
811 969 861 1034 Qui
877 985 938 1023 cum
954 969 1007 1022 illic
1025 969 1122 1024 diutius
1139 973 1292 1026 commorari
1309 974 1392 1039 vallat,

244 1051 328 1107 eahtis
344 1055 515 1110 barbarorum
526 1054 717 1109 incursionibus
727 1073 764 1110 ιν.
774 1054 832 1108 Kal.
843 1053 900 1110 lun.
911 1055 938 1108 iu
950 1054 1083 1123 illyricum
1098 1056 1229 1126 proiectus
1246 1063 1292 1111 eat.
1327 1057 1393 1112 Gnru

243 1145 320 1194 saun
331 1139 432 1194 Rerum
442 1138 526 1194 adbuc
536 1140 678 1211 imperator
694 1139 812 1210 degeret,
828 1139 878 1193 boc
894 1145 934 1193 est
950 1145 1009 1192 aute
1026 1158 1062 1195 ιν.
1075 1139 1131 1194 llal.
1143 1141 1243 1208 Iunius,
1260 1142 1393 1197 Eudoxias

244 1222 415 1279 Gemaniciae
424 1225 454 1278 ln
463 1223 542 1294 Syria
558 1225 706 1296 epiecopus,
724 1241 784 1278 cum
800 1224 833 1278 de
847 1225 950 1278 Leontii
960 1224 1112 1278 Autiomioe
1128 1227 1242 1298 episcopi
1257 1233 1341 1281 morte
1353 1244 1393 1281 re·

243 1310 387 1364 nuciaturn
395 1316 478 1375 asset,
490 1309 617 1364 minoium
628 1327 646 1364 a
655 1310 809 1364 Constantio
819 1311 971 1380 impetreta,
987 1309 1015 1362 in
1027 1309 1130 1378 Syriam
1140 1312 1293 1380 perveniens
1303 1313 1393 1366 Antio·

243 1391 568 1466 tbmmsedemoccupet
586 1394 670 1461 Quam
679 1395 832 1465 dignitatem
841 1395 950 1465 adeptae
959 1399 1029 1448 totus
1038 1395 1066 1448 iu
1075 1394 1101 1448 id
1109 1395 1247 1462 incumbit,
1257 1397 1393 1452 utAAtium

243 1486 407 1548 cognomento
424 1476 496 1532 tuos
512 1486 539 1534 et
552 1481 746 1536 Auomoeorurn
760 1480 903 1550 principem
918 1479 1057 1550 pristinum
1072 1480 1099 1533 ln
1115 1480 1225 1550 gradum
1237 1483 1392 1538 restitueret.

242 1563 283 1616 llic
292 1565 363 1619 nius
372 1565 640 1620 alcontiodiacoaue
652 1565 798 1631 ordinatus,
809 1580 857 1635 pro
868 1581 900 1618 eo
912 1563 982 1634 qnod
992 1564 1075 1618 filiurn
1088 1564 1132 1618 dei
1141 1581 1174 1619 ex
1185 1563 1266 1620 nihilo
1279 1573 1394 1622 creatum

244 1649 354 1719 etpatsie
367 1650 522 1704 dissimilem
537 1656 678 1714 assereret,
695 1651 833 1704 demontus
851 1656 878 1703 et
894 1651 992 1704 eiectus
1009 1649 1101 1705 inerat.
1137 1649 1217 1704 (luins
1234 1651 1393 1722 impietatem

243 1749 294 1787 cum
307 1734 407 1789 struet
422 1735 570 1801 Eudoxias,
585 1736 682 1790 frustm
697 1736 772 1790 illum
787 1735 923 1790 reentuere
938 1750 969 1788 ac
980 1751 1103 1788 reuocare
1121 1741 1241 1800 conatus,
1260 1741 1289 1790 nt
1304 1737 1395 1791 scribit
1419 1747 1495 1799 naue.

243 1816 364 1884 Sumtus,
381 1820 471 1891 palam
485 1820 587 1874 nefaria
600 1821 656 1874 eius
668 1820 793 1889 dogmata
807 1819 956 1890 praedicare
972 1819 1069 1890 coepit,
1086 1837 1117 1873 eo
1134 1837 1197 1874 sene
1215 1820 1393 1890 confidentius,

244 1902 302 1971 quod
313 1903 368 1958 Oaii
379 1903 555 1960 &uslausein
566 1906 655 1960 literas
666 1906 805 1970 institeret,
817 1905 912 1976 quibus
925 1904 1008 1960 eidem
1020 1906 1100 1960 errori
1110 1907 1306 1976 subscripserat.

300 1987 372 2054 Quae
388 2006 450 2044 curu
462 1990 592 2061 Georgius
602 1991 763 2046 laodicenus
779 1989 1014 2055 animaduertisset,
1031 1990 1120 2044 literas
1131 1992 1261 2060 Ancyram
1276 1992 1309 2046 ad
1320 1991 1393 2046 ani-

243 2072 299 2127 lien
307 2073 394 2140 dedit,
407 2076 454 2146 qai
468 2081 527 2130 tum
536 2075 604 2130 forto
619 2076 654 2129 ad
667 2075 848 2140 dedicandam,
865 2089 945 2144 quern
961 2079 1155 2141 construxerat,
1173 2078 1307 2133 ecelesiam
1324 2095 1394 2132 com·

243 2157 319 2226 plures
329 2176 364 2214 es
375 2160 495 2216 finitimis
504 2162 635 2232 episcopis
644 2166 809 2216 convocaret
824 2159 919 2214 Habito
931 2160 1019 2229 itaque
1031 2160 1169 2228 Ancyrano
1185 2163 1294 2216 concilio
1310 2164 1394 2216 lectis·

245 2258 287 2310 que
295 2243 402 2316 (ieorgii
411 2246 493 2299 literis
504 2246 636 2300 demotum
648 2245 713 2299 illud
725 2245 786 2298 fidei
797 2245 929 2298 conditum
942 2249 990 2309 est,
1002 2243 1071 2314 quod
1080 2243 1238 2316 Epiphanius
1248 2254 1274 2300 et
1280 2247 1393 2302 Hilarius

244 2337 449 2396 marcant,
464 2331 556 2402 inquo
567 2333 762 2402 suppresearoi
774 2327 907 2400 bpooueiou
919 2345 982 2382 roos
997 2325 1148 2399 ὁμοιοῠοιος,
1165 2329 1214 2384 hoc
1232 2337 1284 2396 eet,
1300 2333 1393 2386 similis

245 2415 475 2482 patrisubstautiee
484 2415 569 2470 tilium
580 2432 638 2470 esse
648 2415 761 2486 professi
770 2421 839 2470 suut.
870 2415 956 2484 Aque
969 2413 1124 2495 semiariani
1135 2414 1205 2470 dicti.
1235 2415 1302 2470 'lum
1314 2417 1394 2486 legati

244 2497 357 2556 &mn
368 2500 404 2556 ad
413 2501 596 2572 imperatorem
607 2517 625 2554 a
634 2499 734 2570 syuodo
746 2500 821 2554 musi
830 2498 945 2556 besilius
958 2499 1087 2569 Ancyrae,
1098 2498 1249 2554 husthstine
1261 2499 1393 2567 Sabratae,

245 2581 357 2640 bernus
368 2585 458 2656 Gyaici
472 2586 596 2657 episcopi.
629 2584 745 2650 Quorum
756 2584 842 2640 nudie
853 2583 1022 2640 constamine
1036 2585 1177 2649 reuocatis,
1193 2601 1258 2655 quas
1269 2583 1392 2657 Aephulio

245 2665 343 2725 dudexii
359 2671 513 2742 presbytero
528 2677 556 2726 et
568 2671 637 2726 Aitii
654 2671 752 2726 asuri
768 2669 884 2734 dedam,
895 2670 977 2724 literis
992 2670 1057 2724 alias
1069 2669 1192 2724 advenas
1200 2670 1349 2726 [indusium
1359 2671 1394 2726 ad

245 2753 409 2812 ”Menos
419 2756 531 2826 scripsit
562 2755 675 2812 Subiiclt
683 2753 725 2810 bie
736 2755 857 2810 Socrates
868 2755 1040 2810 Arimineneis
1051 2756 1153 2810 conditi
1163 2756 1350 2810 narrationem:
1365 2757 1394 2812 iu

245 2853 288 2906 que
297 2838 360 2896 uass
375 2836 467 2900 mse<
482 2841 529 2896 illa
543 2841 577 2896 ab
588 2839 696 2896 Ureacio
707 2840 851 2896 ctValente
861 2840 995 2911 proposita
1010 2845 1062 2906 est,
1079 2857 1146 2911 quse
1158 2840 1245 2896 Sirmii
1262 2848 1321 2896 aute
1332 2857 1393 2896 con·

247 2930 311 2993 tepta
319 2924 415 2980 luerat.
446 2925 606 2980 Sosomeuns
617 2931 705 2986 auum
716 2924 812 2982 hiberii
823 2926 857 2982 ab
873 2925 953 2982 exilio
970 2925 1085 2980 reuocati
1099 2941 1130 2980 ac
1141 2925 1253 2982 Romam
1263 2925 1393 2982 redeuntis

247 3005 500 3082 mmmm

265 3228 325 3294 Qus
339 3231 376 3289 ni
393 3231 439 3288 till
455 3231 616 3291 nomnium
633 3229 836 3370 SOEIPTngssS
853 3228 1032 3369 ffiALIUM
1048 3229 1094 3284 AB
1111 3229 1268 3296 ANTIQUIS
1286 3231 1371 3290 ILLIS

698 3317 752 3374 Dis
819 3317 852 3369 ‘ll
922 3357 929 3372 .

304 3435 376 3502 Quod
392 3437 426 3491 de
436 3437 585 3491 sirmiensis
601 3436 725 3489 adverm
736 3435 875 3489 Photiunm
893 3435 996 3488 concilii
1012 3439 1126 3505 tempore
1138 3434 1258 3489 Socrates
1271 3451 1302 3490 au
1313 3435 1393 3492 soso·

247 3533 328 3575 neus
338 3522 512 3588 tradiderunt,
526 3522 651 3578 nimirum
660 3521 755 3591 Sergio
766 3537 798 3576 ac
808 3520 934 3590 Aliquisne
945 3535 1011 3574 cass.
1023 3519 1181 3576 celebratum
1191 3519 1286 3586 lubae,
1299 3522 1343 3592 qui
1355 3527 1394 3576 est

248 3619 321 3662 mus
330 3622 408 3665 aerae
419 3606 581 3664 Obrietiem
592 3621 690 3670 acuns,
699 3607 727 3660 id
737 3607 765 3662 iu
776 3606 880 3676 mugnis
891 3606 1036 3662 Annalibus
1049 3605 1082 3660 ed
1093 3621 1191 3660 anunm
1203 3621 1319 3662 eccum.
1331 3607 1393 3662 duc·

249 3688 289 3744 bas
298 3693 338 3748 sel
347 3691 430 3750 albu
440 3692 593 3763 prasertim
606 3691 770 3761 argumentis
779 3690 911 3747 refellitur.
946 3690 1062 3754 Quorum
1078 3691 1241 3746 autoritatem
1257 3693 1339 3746 secuti
1354 3709 1394 3746 re·

247 3772 303 3844 liqui
311 3777 502 3834 maenum
516 3775 640 3832 historiae
655 3782 854 3846 temporumque
871 3775 1016 3832 wuditoree
1031 3792 1092 3832 cnm
1108 3777 1201 3830 erroris
1217 3776 1319 3832 eosdem
1333 3778 1393 3832 illus

248 3861 373 3932 mimae
385 3863 550 3927 lusimnlm,
566 3869 623 3916 tum
638 3877 708 3916 anuo
723 3859 820 3914 Christi
831 3875 946 3916 occurri.
959 3861 1110 3918 Constantio
1121 3879 1157 3916 ru
1170 3867 1197 3914 et
1206 3861 1308 3916 lullaue
1325 3877 1392 3918 coss.

249 3941 386 4004 haam
397 3949 426 4002 in
437 3947 575 4002 Sirmiensi
584 3946 755 4003 conciliabulo
766 3944 906 4000 Photinam
918 3951 1045 4002 uerrunt.
1072 3946 1234 4016 Argumenta
1244 3963 1321 4016 porro
1332 3952 1395 4000 eunt

249 4029 376 4091 &node
392 4033 521 4104 insumis
538 4031 658 4088 Socrates
674 4048 706 4086 sc
722 4031 884 4088 Suaomeuus
900 4036 1037 4095 testamur,
1054 4029 1145 4084 Osium
1157 4029 1349 4086 Cordubenseru
1360 4029 1394 4084 ad

249 4111 406 4172 &numere
416 4117 546 4187 synodum
556 4117 667 4172 irritum
678 4117 833 4180 mceeeieee,
844 4116 933 4186 ibique
941 4116 966 4168 si
978 4131 1009 4168 ac
1019 4115 1154 4170 tormentis
1164 4121 1293 4172 extortam
1304 4117 1337 4170 ab
1348 4116 1392 4168 illo

249 4198 372 4256 Adhaesit
381 4201 584 4258 deustionem.
605 4203 685 4272 Atqui
695 4202 800 4257 nonnisi
809 4201 926 4271 relegato
937 4201 990 4254 iem
1001 4199 1116 4264 hiberin,
1131 4207 1272 4271 postquam
1287 4201 1393 4269 insuper

250 4297 337 4342 tana!
345 4287 399 4344 ian
407 4287 542 4357 isonam
553 4286 642 4341 Sirmii
652 4293 721 4340 esset
731 4303 749 4339 a
759 4285 910 4340 Constantio
922 4285 1053 4348 detentus,
1065 4299 1125 4338 cum
1136 4286 1239 4342 Arianis
1250 4284 1392 4340 communi·

249 4369 309 4424 asie
316 4370 404 4438 Orias,
414 4371 484 4442 qaod
491 4372 648 4428 muudus
659 4371 735 4426 docet
746 4372 822 4442 epist.
832 4370 866 4424 sd
876 4369 1025 4424 solitarios:
1038 4368 1084 4420 liei
1095 4364 1148 4422 s'reel
1158 4369 1287 4440 iiapscpoi
1296 4368 1393 4438 κατέχει

250 4457 326 4508 witus
335 4453 395 4510 blus
405 4454 514 4510 hemis
525 4455 550 4510 ie
560 4461 599 4528 τῷ
609 4455 717 4527 Σιρμίῳ,
729 4455 813 4509 Ereile's‘
820 4457 875 4509 loco
884 4473 976 4508 sunum
985 4458 1109 4522 inlapsum
1116 4455 1206 4508 sima
1212 4457 1282 4508 illusi
1290 4455 1392 4509 detinni

251 4535 357 4598 bibulas
364 4547 463 4607 satem,
473 4549 504 4597 ut
513 4558 549 4597 ex
555 4541 663 4596 Socrate
672 4545 699 4595 et
705 4540 843 4594 Ammiem
852 4540 941 4610 liquet,
952 4555 1005 4594 nou
1014 4543 1074 4594 ante
1084 4539 1176 4594 Christi
1189 4555 1287 4594 aunum
1297 4552 1391 4594 cocus.

252 4621 376 4682 blame
389 4627 492 4684 wllicet
501 4633 529 4681 et
537 4627 657 4683 bubiano
667 4641 735 4679 cose.
745 4625 774 4678 in
785 4624 894 4678 exilium
904 4624 981 4690 abiit,
998 4641 1057 4678 cum
1071 4625 1260 4688 Mediolanum,
1275 4623 1322 4678 ubi
1336 4629 1393 4678 tum

253 4703 406 4768 &menan
418 4718 487 4777 erat,
502 4711 587 4766 Rome
603 4716 673 4766 esset
688 4711 798 4764 uoltus
819 4708 976 4764 Athanasius
988 4725 1049 4764 vero
1065 4710 1156 4764 eodem
1170 4707 1216 4762 illo
1227 4708 1293 4762 libro
1304 4709 1394 4764 scribit

254 4789 375 4852 Mamer
384 4797 512 4867 Hispams
525 4798 638 4868 primm
649 4794 796 4852 Constantii
811 4794 892 4848 literis
909 4793 1020 4848 accitum
1035 4795 1210 4850 Mediolanum
1221 4794 1338 4860 reniae,
1353 4796 1394 4850 in·

255 4874 374 4952 &lemque
384 4883 413 4937 ia
423 4882 537 4954 petriam
545 4882 581 4937 ab
591 4883 637 4940 illo
651 4882 804 4944 remissum,
821 4880 899 4950 paulo
915 4885 975 4949 pose
989 4880 1084 4936 iterum
1099 4883 1235 4936 ernastum
1251 4897 1321 4936 anno
1337 4886 1393 4936 tote

296 4981 356 5035 uera
366 4985 539 5028 ammana
1173 4980 1193 5036 8
