3650 5642
434 584 481 639 XC

432 744 508 809 putet
523 741 568 811 qui
584 756 653 795 enno
670 742 807 811 superiori,
824 742 874 795 hoo
891 748 932 795 est
946 742 1057 797 Lentulo
1072 748 1101 795 et
1115 743 1256 797 diesselino
1272 759 1338 799 coss.
1355 750 1451 797 netum
1462 742 1585 797 ὒιιιίιιιιι

433 826 597 891 existiment,
613 842 693 897 qunm
704 842 795 881 eorum
806 829 851 897 qui
862 828 895 883 iis
905 829 982 899 ipsis,
999 844 1065 898 quos
1076 827 1237 899 lipipbenius
1251 829 1381 894 nominet,
1398 846 1472 883 coss.
1482 829 1586 883 moion

433 911 597 980 consignent.
620 910 758 981 Propterea
775 914 844 983 quod
860 914 883 967 si
900 930 1064 967 communem
1075 913 1108 966 de
1123 930 1213 967 mense
1228 914 1323 967 nemus
1338 930 1370 967 ec
1380 914 1424 967 die
1436 915 1587 967 sententium

433 1002 503 1051 esset
518 996 668 1065 amplexus,
689 999 795 1053 omuino
815 1000 962 1069 superiores
977 999 1037 1052 illos
1053 1016 1121 1053 coss
1137 1000 1310 1070 preetulisset
1343 998 1420 1053 Unde
1439 999 1588 1059 Geseiodori,

434 1097 511 1151 quem
527 1080 655 1135 Beronius
671 1084 796 1154 sequitur,
812 1100 864 1139 non
877 1084 989 1148 Onuirii,
1007 1083 1110 1138 decreto
1124 1085 1293 1155 opinionique
1307 1083 1451 1155 sulliegeri
1465 1084 1589 1156 putemus

433 1170 480 1219 est
498 1165 572 1230 Quod
582 1167 662 1237 igitur
671 1168 788 1223 Christus
797 1169 906 1223 Lentulo
918 1174 946 1222 ot
953 1169 1094 1223 Messalino
1105 1186 1173 1223 coes.
1185 1176 1256 1223 ortus
1266 1170 1310 1235 sit,
1321 1186 1389 1223 enno
1397 1170 1506 1225 Inlisno
1515 1188 1590 1230 xum,

433 1252 547 1305 studiose
563 1252 752 1309 demonstretur
766 1255 794 1307 in
809 1255 967 1318 Annslibus,
981 1254 1060 1324 idque
1076 1255 1148 1309 uelut
1161 1255 1324 1309 fundamenti
1338 1256 1395 1308 loco
1411 1256 1532 1327 ponitur,
1545 1271 1591 1324 quo

433 1342 555 1401 ιιιιιιι,
566 1342 596 1391 ιι
607 1340 680 1393 aiunt
689 1341 752 1410 ipsi,
767 1341 900 1395 ennelium
910 1346 1063 1393 contextum
1075 1356 1180 1395 omnem
1190 1356 1265 1393 ruere
1276 1340 1423 1411 oollebique
1433 1342 1473 1395 sit
1483 1356 1591 1395 neeesse.

432 1423 542 1477 Proinde
552 1425 651 1495 primus
663 1442 679 1478 u
689 1426 771 1479 nstnli
779 1424 885 1490 Christi,
897 1426 952 1479 sive
960 1425 1135 1495 Dionysienee
1145 1442 1221 1480 eeree
1231 1442 1263 1479 ec
1275 1426 1390 1496 vulger-is
1401 1442 1507 1490 mnne,
1518 1425 1592 1479 eliel

432 1509 559 1563 burseriis
571 1511 634 1565 unni
643 1510 738 1565 Iulieul
749 1529 819 1567 xnrv.
830 1511 923 1565 iisdem
934 1511 962 1563 in
972 1512 1117 1565 Auueh'bus
1127 1511 1231 1581 incipit,
1244 1510 1319 1565 Urbis
1334 1528 1369 1565 ex
1377 1512 1545 1565 Varronisne
1558 1527 1593 1563 re-

373 1622 380 1631 .
432 1594 504 1649 tione
515 1610 630 1660 uocum,
641 1597 714 1649 ouius
725 1596 816 1649 Psillis
827 1596 909 1666 Aprili
920 1612 1011 1649 mense
1021 1596 1140 1667 proxime
1151 1603 1242 1650 secute
1251 1602 1324 1660 sunt,
1339 1597 1404 1649 edeo
1416 1599 1491 1651 utin
1502 1613 1594 1649 ennum

433 1678 509 1733 Urbis
522 1696 611 1735 occur.
622 1681 738 1751 vulgetis
753 1696 830 1734 uerus
845 1681 1016 1751 primordium
1030 1682 1158 1746 incurret,
1175 1680 1335 1753 Olympiadis
1348 1697 1439 1737 cxciv.
1458 1698 1559 1737 ennom
1568 1700 1594 1734 n.

433 1764 479 1821 Est
490 1782 522 1819 es
533 1766 637 1837 quidem
646 1766 795 1821 Cassiodori
807 1768 947 1831 sententis,
959 1768 1121 1835 aliorumque
1132 1772 1188 1819 tem
1196 1772 1312 1821 veterum
1321 1784 1401 1837 quem
1411 1769 1593 1826 recentiorum,

433 1856 472 1915 et,
484 1852 553 1921 quod
565 1852 597 1903 ed
609 1852 724 1905 netelem
734 1852 821 1921 ipsum
833 1852 938 1917 attinet,
949 1869 1013 1906 sene
1021 1851 1171 1922 prebebilis.
1190 1851 1264 1915 Quod
1275 1860 1362 1907 eutem
1373 1854 1418 1905 ille
1429 1854 1506 1907 idem
1517 1868 1595 1905 eunus

433 1953 492 1991 cum
501 1952 562 1991 sere
570 1936 729 2005 Dionysiana
740 1937 916 2007 coniungitur,
927 1936 977 1992 boc
984 1944 1025 1991 est
1033 1937 1102 2006 quod
1113 1938 1212 2007 primus
1223 1954 1300 1991 eeree
1309 1936 1476 1991 christianes
1483 1938 1595 1991 Iulianus

433 2039 490 2075 esse
500 2040 569 2077 xnrv.
578 2023 709 2087 asseritur,
718 2022 821 2092 Olymp.
828 2038 916 2077 cxciv.
925 2022 1063 2087 socundus,
1071 2022 1165 2077 idrero
1173 2039 1340 2093 nequequam
1347 2023 1477 2093 procedit.
1489 2022 1595 2076 Biennio

433 2109 503 2161 enim
513 2108 630 2173 aberret,
643 2114 672 2161 ιι
683 2108 786 2178 quidem
797 2109 912 2179 plerique
923 2106 1049 2161 bectenus
1059 2108 1308 2173 enimedverternnt3
1324 2114 1456 2163 utentem
1468 2108 1595 2169 existimo,

433 2194 512 2247 etism
523 2192 633 2248 triennio
643 2194 786 2263 eDionpsii
794 2199 881 2249 mente
891 2198 969 2263 etque
980 2209 1042 2246 eere
1053 2193 1144 2258 deut,
1155 2195 1194 2247 nti
1204 2194 1283 2271 penlo
1294 2200 1356 2264 post
1365 2194 1595 2249 demonstrebitur.

433 2278 487 2335 Nos
499 2280 602 2333 interim
615 2296 681 2351 quse
692 2280 719 2335 in
729 2281 863 2351 Apperstu
874 2280 907 2332 ed
918 2280 1033 2333 Annsles
1044 2278 1076 2332 de
1087 2276 1137 2333 boc
1147 2295 1217 2333 euno
1228 2280 1356 2333 subtiliter
1367 2285 1394 2333 et
1404 2281 1540 2349 exquisite
1550 2278 1596 2329 dis·

433 2370 557 2437 putentur
569 2365 738 2435 expendendo
749 2366 904 2419 censuimus.

502 2450 568 2505 (lum
579 2452 659 2521 igitur
671 2468 687 2505 ι
698 2450 831 2506 nonnullis
843 2450 984 2520 improberi
995 2466 1072 2505 suem
1083 2450 1115 2503 de
1126 2450 1209 2503 neteli
1217 2449 1313 2505 Christi
1322 2451 1484 2505 sententium
1493 2450 1597 2511 rideret,

434 2538 468 2591 ob
480 2538 506 2591 id
517 2554 599 2591 unum
611 2538 725 2591 maxime
742 2536 811 2605 quod
826 2536 854 2589 in
866 2535 996 2590 lulianum
1007 2553 1096 2601 xnrm,
1113 2537 1158 2605 qni
1173 2553 1241 2591 coss.
1253 2536 1333 2589 bebet
1342 2535 1485 2591 Lentulum
1496 2541 1524 2589 et
1532 2535 1596 2590 blet-

433 2623 567 2686 cellinum,
584 2621 712 2675 bisextilis
729 2621 783 2675 dics
794 2622 901 2675 minime
913 2622 1028 2686 aderet,
1044 2626 1135 2675 contre
1149 2622 1193 2675 ille
1204 2622 1243 2675 sic
1254 2622 1418 2691 preesoribit:
1434 2626 1541 2675 tantm
1556 2620 1598 2672 eb

362 2764 367 2777 ,
401 2765 407 2776 ,
434 2725 504 2771 esse,
515 2708 583 2761 utin
595 2723 693 2761 annum
704 2707 779 2761 illum
790 2707 921 2761 bisextilis
932 2708 987 2761 dies
998 2724 1052 2761 non
1063 2706 1173 2772 incidet,
1189 2712 1219 2759 ut
1233 2706 1262 2759 in
1275 2706 1357 2759 elium
1367 2706 1484 2772 nullum,
1501 2706 1555 2760 uisi
1567 2702 1597 2755 eb

435 2794 526 2847 eodem
537 2798 671 2863 quartum,
689 2793 744 2845 sive
756 2798 827 2855 ente,
845 2793 900 2845 eivs
916 2798 978 2862 post
986 2793 1087 2862 ipsum,
1104 2792 1241 2845 convenire
1252 2792 1343 2862 possit
1365 2791 1471 2845 Etenim
1481 2808 1531 2863 pro
1543 2806 1597 2843 con·

434 2878 505 2935 fesso
517 2878 675 2952 minimeque
687 2877 765 2931 dubio
777 2876 804 2929 id
814 2878 842 2931 in
854 2876 902 2930 bec
915 2882 972 2930 tote
982 2876 1157 2947 disputetioue
1169 2878 1261 2942 sumit,
1278 2893 1377 2931 sunum
1386 2878 1476 2941 illuns,
1493 2894 1546 2947 quo
1557 2890 1599 2928 ne·

434 2971 477 3019 tus
489 2970 530 3017 est
540 2961 671 3027 Christus,
683 2963 831 3017 bissextilem
842 2962 937 3028 inisse,
952 2967 1090 3032 propteree
1101 2961 1171 3033 quod
1182 2963 1228 3032 qui
1239 2961 1360 3033 deinceps
1372 2962 1406 3015 eb
1417 2979 1449 3016 eo
1462 2960 1599 3033 propegeti

435 3062 497 3103 sunt
513 3065 559 3119 per
576 3054 716 3119 quaternos
733 3047 809 3101 divisi
824 3048 958 3101 bissextiles
975 3054 1120 3102 occurrunt
1142 3047 1198 3100 lum
1209 3064 1270 3101 voro
1286 3064 1371 3101 eunus
1387 3054 1478 3101 sueto
1489 3048 1598 3101 Domino

435 3150 574 3200 ooonxrv„
596 3150 649 3205 quo
664 3134 861 3189 Valentinianus
884 3134 1024 3204 imperium
1039 3134 1148 3205 edeptus
1168 3139 1222 3197 est,
1245 3133 1393 3187 bisextilem
1412 3131 1506 3187 hebuit
1525 3132 1598 3193 diem,

435 3220 653 3291 quemedmodum
668 3221 713 3273 lib.
725 3238 796 3276 xxvi.
809 3220 899 3275 eoribit
915 3220 1078 3273 Ammienus.
1100 3218 1170 3288 Ergo
1183 3234 1296 3273 coonxv.
1308 3222 1369 3271 ente
1384 3218 1460 3271 illurn
1470 3232 1598 3289 perseqoe

434 3308 564 3363 bisextilis
580 3312 628 3361 est.
660 3307 740 3377 Atqui
754 3307 798 3359 ille
815 3312 856 3359 est
869 3307 940 3376 ipse,
956 3307 1003 3376 qui
1017 3305 1156 3359 Lentulum
1171 3310 1197 3357 et
1206 3304 1388 3357 Marcellinum
1398 3319 1466 3357 ooss.
1477 3304 1595 3373 preeiert,

436 3394 530 3463 quibus
542 3392 679 3447 Decembri
690 3408 780 3447 mense
791 3398 868 3447 uetus
883 3398 926 3445 est
936 3390 1062 3445 Christus.
1087 3390 1166 3443 ilecto
1181 3389 1263 3458 igitur
1279 3387 1321 3441 hio
1337 3390 1365 3442 in
1375 3389 1523 3444 Annelibus
1541 3406 1598 3442 cou-

435 3480 541 3533 stitutus
551 3478 661 3532 videtur.

502 3564 592 3634 Pergit
601 3564 628 3617 in
640 3562 732 3617 eodem
743 3566 898 3631 argumento
911 3560 1016 3615 uberius
1028 3559 1197 3631 explicendo‚
1209 3565 1237 3614 et
1247 3561 1279 3614 de
1286 3559 1389 3614 luliene
1397 3560 1527 3615 bisextilis
1538 3558 1598 3615 euni

436 3650 604 3720 dispositione
616 3654 693 3717 etque
703 3646 816 3717 Augusti
827 3646 985 3699 correctione
994 3645 1110 3710 disserit;
1121 3654 1151 3699 ut
1161 3652 1285 3716 eppnreet
1294 3662 1394 3699 ennurn
1403 3646 1492 3710 illurn,
1503 3648 1552 3716 qni
1561 3650 1598 3699 est

435 3736 550 3789 lulieuns
563 3752 650 3797 snitu,
668 3733 801 3785 bisextum
816 3731 948 3786 bsbuisse.
970 3730 1074 3785 Etenim
1084 3730 1166 3785 lulius
1178 3730 1273 3785 Comes
1288 3748 1358 3785 enno
1374 3731 1408 3784 sb
1420 3730 1452 3785 U.
1464 3730 1494 3785 G.
1505 3731 1596 3785 Verto-

435 3822 514 3875 nieno
527 3836 650 3884 nocent,
666 3835 718 3887 quo
733 3818 789 3887 ipse
806 3818 911 3871 tertium
922 3832 982 3869 cum
993 3815 1089 3886 Lepido
1101 3832 1154 3869 cos.
1165 3816 1228 3881 iuit,
1243 3833 1342 3871 endum
1353 3816 1503 3871 &menum
1512 3833 1597 3870 ernen-

436 3906 498 3959 dere
508 3906 546 3958 sio
561 3911 600 3959 est
610 3920 763 3974 eggressus,
775 3908 804 3955 ut
815 3902 936 3971 deinceps
947 3920 983 3955 ιν.
994 3918 1098 3972 quoque
1110 3916 1179 3955 enno
1190 3902 1304 3957 solidum
1314 3902 1383 3956 dem
1394 3902 1596 3957 intercelsndnu

436 3990 585 4045 decreverit.
609 3990 647 4042 Ac
658 3990 682 4043 si
693 4006 762 4043 enno
774 3988 819 4041 illo
835 3987 1037 4052 emendationis,
1053 4003 1133 4057 quem
1143 3988 1293 4041 Macrobius
1304 3986 1467 4042 confusionis
1478 3988 1596 4059 eppenm

436 4074 501 4130 nihil
511 4079 612 4145 prester
623 4091 727 4127 menses
739 4090 770 4127 eo
779 4072 834 4127 dies
846 4072 1036 4137 intereelesset,
1046 4072 1079 4125 eb
1091 4090 1123 4126 eo
1131 4074 1189 4143 ipso
1198 4072 1360 4129 bisextilium
1368 4089 1499 4127 sunorum
1506 4072 1596 4125 dueen-

437 4162 499 4215 dum
515 4159 610 4213 inisset
626 4160 775 4225 exordium,
792 4160 830 4213 ite
845 4162 875 4211 ut
890 4157 990 4228 primus
1007 4176 1043 4211 ru.
1060 4163 1203 4227 posteriue
1219 4158 1317 4228 Lepido
1334 4176 1364 4213 ιι.
1380 4164 1407 4211 ιι
1422 4157 1519 4211 Plenoo
1533 4174 1595 4211 coss.

437 4250 603 4317 congrueret,
631 4260 684 4313 que
705 4245 806 4299 ratione
828 4260 874 4314 per
896 4242 1067 4312 qnedriennie
1089 4242 1267 4297 descendendo
1291 4242 1420 4296 bisextilis
1446 4242 1595 4297 undecimus

436 4349 490 4386 non
508 4331 537 4385 in
554 4348 628 4386 xum.
646 4344 663 4382 ι
682 4330 839 4383 correctione
859 4344 970 4392 amum,
992 4327 1038 4381 sed
1057 4328 1086 4380 in
1103 4346 1186 4392 xnru,
1207 4326 1257 4380 hoc
1273 4333 1326 4392 est,
1342 4344 1396 4381 non
1412 4328 1441 4379 in
1457 4327 1593 4381 Lentulum

437 4423 464 4470 et
479 4416 662 4480 Messalinum,
685 4414 731 4467 sed
751 4415 779 4469 in
795 4416 946 4485 Angustum
962 4432 1020 4469 ιιι.
1038 4417 1065 4466 ιι
1079 4412 1212 4467 Flentium
1233 4429 1301 4467 coss.
1323 4413 1480 4477 incurreret,
1501 4414 1593 4482 quibus

438 4500 534 4555 Christi
554 4502 666 4555 nutelem
686 4500 839 4569 assignabat
859 4496 991 4553 Onuirius.
1033 4498 1068 4550 At
1084 4498 1111 4551 id
1126 4514 1202 4551 secus
1222 4514 1251 4549 se
1268 4496 1366 4551 hebuit.
1408 4496 1476 4550 Nem
1497 4505 1596 4567 prsetsr

438 4586 580 4640 solidorum
594 4587 693 4640 dierum
708 4584 930 4638 intercalationem
946 4583 1077 4653 quadrans
1096 4583 1202 4652 insuper
1219 4582 1282 4647 diei,
1304 4582 1373 4652 quod
1394 4580 1501 4635 Solinus
1516 4583 1595 4644 docet,

438 4670 575 4725 edesseno
586 4678 626 4726 est
636 4672 759 4725 ediectns.
792 4669 875 4734 Quem
887 4676 917 4723 ιι
926 4668 1100 4732 inminuisset,
1117 4668 1179 4735 quie
1193 4668 1265 4721 solus
1281 4667 1342 4721 eddi
1352 4684 1406 4722 non
1421 4672 1537 4737 poteret,
1552 4684 1595 4720 ne·

365 4759 370 4769 “
439 4770 512 4809 cesse
522 4756 572 4809 init
583 4761 613 4809 ut
623 4758 651 4811 iu
660 4774 696 4813 rr.
709 4770 807 4810 ennum
819 4754 977 4818 differretur3
993 4753 1076 4807 donec
1084 4752 1205 4807 videlicet
1219 4770 1255 4806 ex
1267 4753 1411 4823 quedrente
1421 4753 1467 4805 illo
1479 4759 1506 4806 et
1516 4753 1594 4806 tribus

439 4840 496 4897 eliis
507 4840 615 4895 totidem
626 4840 840 4911 consequentium
851 4854 981 4897 annorum
990 4838 1046 4893 dies
1056 4844 1219 4909 exsurgeret.
1241 4839 1332 4911 ltaque
1342 4838 1457 4909 primum
1466 4837 1594 4893 bisextum
