3650 5642
440 626 598 681 GOXXXN

437 782 507 835 tibus
518 781 665 852 digerendis
677 780 816 850 quisquam
827 796 894 835 unns
906 798 966 836 cum
977 782 1057 835 altero
1069 782 1205 836 consentit
1239 780 1329 851 ltaque
1344 780 1501 852 perplexum
1519 784 1544 833 et
1557 780 1588 833 ia·

408 868 412 873 ’
437 868 558 920 tricatam
575 872 660 919 totum
680 865 752 919 istud
771 866 906 936 negotium
926 873 972 921 eet.
1006 866 1119 920 Probum
1136 882 1168 920 ac
1183 866 1321 921 Paulinum
1338 882 1407 920 coss,
1423 865 1589 919 &niodum

438 952 541 1005 Aurelio
556 966 587 1004 ac
602 951 753 1005 Marcellino
770 968 838 1004 coaa.
849 952 960 1013 subiicit,
994 951 1064 1004 Fasti
1079 951 1161 1005 Siculi
1176 957 1236 1021 post
1247 952 1413 1006 Aurelianum
1425 966 1458 1004 ae
1470 950 1590 1003 hluoelli

436 1053 501 1090 nom
512 1037 630 1089 Tacitum
641 1037 848 1090 ethomilianuu
860 1036 1000 1101 collocant,
1012 1036 1106 1105 quibus
1117 1036 1229 1090 Probum
1240 1036 1429 1106 Paulinumque
1442 1036 1590 1089 subtexunt:

437 1138 503 1192 quoe
519 1122 674 1191 posteriores
685 1122 809 1175 Onntrius
823 1122 918 1175 iniuria
934 1122 1106 1192 praetermisit
1120 1120 1295 1192 soliemosque
1311 1121 1426 1175 credidit.
1462 1120 1532 1175 liam
1551 1136 1591 1191 pro

362 1205 365 1210 '
438 1207 574 1260 ordinariis
583 1208 611 1259 in
623 1208 744 1260 omnibus
752 1206 838 1261 Pastis
849 1212 1033 1277 agnoscuntur.
1050 1206 1102 1260 Sed
1113 1207 1136 1259 si
1147 1213 1208 1260 snte
1217 1206 1335 1261 Tacitum
1343 1224 1372 1261 rs.
1383 1212 1411 1259 et
1419 1206 1591 1259 Aemilianum

437 1298 574 1362 ponantur,
585 1292 619 1344 ad
630 1292 761 1345 Aunobari
771 1292 922 1362 imperium,
933 1308 987 1345 nou
998 1292 1088 1357 Probi,
1100 1292 1273 1363 pertinebunt.
1291 1291 1402 1362 Ideoque
1414 1292 1443 1345 iu
1452 1291 1593 1345 Annalibus

436 1377 624 1431 Ecclesiasticis
641 1394 702 1430 cum
716 1378 848 1431 Aureliani
862 1394 907 1430 sn.
924 1383 1121 1447 componuntur,
1138 1393 1206 1431 anuo
1221 1376 1317 1431 Christi
1328 1376 1386 1429 uit.
1419 1376 1527 1430 Renim
1540 1382 1592 1445 post

437 1463 606 1516 Aurelianum
617 1462 723 1516 Tacitus
735 1463 859 1532 sequitur,
871 1462 915 1531 qui
927 1462 1030 1515 nonani
1041 1463 1175 1517 mensibus
1186 1480 1221 1516 vr.
1233 1462 1372 1533 imperium
1381 1462 1480 1515 tenuit.
1503 1461 1593 1515 Secun-

437 1548 500 1601 dum
511 1564 590 1617 quem
600 1552 703 1601 creatus
715 1553 757 1600 est
766 1547 872 1600 Probus.
902 1545 977 1610 Quod
992 1548 1014 1601 si
1029 1552 1090 1618 post
1099 1548 1218 1601 Tacitum
1231 1554 1256 1601 et
1268 1548 1443 1601 Aemilianum
1456 1547 1558 1601 Probus
1568 1561 1593 1597 sc

436 1632 562 1687 Paulinus
578 1633 776 1696 substituantur,
792 1633 845 1685 iam
859 1632 917 1685 istis
934 1648 1001 1687 coss.
1013 1631 1113 1686 Probus
1128 1634 1268 1703 imperator
1278 1648 1376 1685 annum
1388 1632 1500 1703 Imperii
1510 1646 1593 1685 secun

437 1719 500 1771 dum
516 1718 614 1783 inierit3
631 1718 701 1788 quod
715 1717 819 1769 Eusebii
831 1716 1019 1787 Ghronologlae
1035 1724 1240 1771 cousentaneum
1258 1722 1310 1783 est,
1329 1718 1375 1788 qui
1391 1732 1465 1771 anuo
1484 1716 1560 1770 Probi
1570 1732 1593 1766 n.

437 1802 649 1857 Manichaeorum
660 1803 788 1872 originem
799 1804 925 1871 assignat.
955 1802 1029 1866 Quod
1040 1802 1150 1856 sonasse
1161 1804 1246 1856 resins
1258 1808 1306 1857 est.
1330 1802 1382 1855 Sed
1394 1802 1422 1854 in
1435 1802 1542 1856 Onnlrii
1552 1800 1592 1852 Pa-

438 1889 487 1941 stis
496 1888 547 1941 dno
558 1890 586 1941 in
594 1888 672 1940 Probi
679 1888 841 1957 imperatoris
850 1888 925 1941 anuis
935 1889 1032 1941 omissa
1040 1894 1102 1941 sunt
1110 1889 1182 1958 peria
1191 1904 1268 1951 cosa,
1280 1903 1432 1957 quanquam
1444 1888 1474 1941 in
1486 1886 1593 1956 superio·

438 1974 511 2027 ribus
523 1974 599 2026 annis
615 1988 697 2026 unum
712 1979 932 2042 compensaverat.
966 1974 1007 2025 lta
1023 1990 1075 2027 uuo
1092 1972 1219 2027 duntaxat
1236 1988 1305 2025 anno
1322 1973 1441 2037 sublato,
1459 1988 1523 2025 cnm
1540 1984 1593 2022 aera

438 2058 600 2127 Dionysiana
610 2058 769 2121 conciliatur,
786 2057 853 2127 quod
868 2058 985 2128 plerique
1000 2058 1071 2111 Fasti
1088 2058 1224 2128 expunctis
1240 2058 1342 2111 dnobus
1360 2058 1543 2111 consulatibus
1555 2054 1593 2107 ob
1620 2098 1621 2123 ,

438 2144 530 2196 tinem
564 2143 603 2195 De
620 2158 671 2211 quo
689 2143 754 2195 aliae
771 2144 948 2212 opportunius.
983 2142 1066 2207 Quam
1082 2143 1192 2197 absurde
1209 2142 1241 2195 de
1256 2143 1332 2195 initio
1343 2142 1422 2195 Probi
1434 2140 1591 2213 imperatoris
1620 2138 1621 2217 l

437 2228 574 2283 Emendat.
585 2228 676 2299 Temp.
687 2228 732 2282 lib.
741 2246 766 2283 r.
778 2228 891 2298 disputet
902 2228 1028 2298 Scaliger,
1040 2244 1087 2282 suo
1099 2229 1157 2282 loco
1169 2228 1328 2283 discutietur.

505 2314 545 2367 dd
556 2312 749 2377 Manichaeum,
764 2314 819 2366 sire
830 2314 973 2378 Monetam,
989 2314 1058 2383 quod
1070 2314 1173 2378 attinet,
1189 2314 1275 2367 verice
1287 2313 1336 2366 sub
1347 2312 1417 2365 idom
1427 2313 1487 2367 lere
1499 2318 1593 2381 tempus

438 2399 587 2469 eruptiones
595 2400 706 2452 monstri
713 2399 783 2451 illios
791 2398 906 2461 luerunt,
919 2404 945 2451 et
956 2399 1103 2468 insignibus
1113 2398 1222 2453 alicuius
1231 2398 1354 2452 iocinoris
1364 2400 1433 2451 notis
1445 2398 1592 2451 celebratas.
1620 2392 1621 2421 ¹

439 2484 511 2548 Quae
522 2500 617 2538 caussa
627 2485 689 2547 luit,
705 2500 752 2537 cur
766 2500 819 2537 uon
829 2484 921 2537 iisdem
932 2485 1131 2555 imperatoribus
1142 2490 1219 2553 atque
1231 2500 1298 2537 coss.
1309 2482 1425 2535 haeresis
1434 2484 1516 2536 istius
1526 2480 1592 2547 origo
1620 2426 1621 2517 i

439 2570 611 2623 mandaretur.
645 2568 676 2622 lo
693 2569 769 2622 aunis
785 2568 880 2622 christi
894 2570 1000 2639 longius
1017 2568 1156 2623 abhorrent
1172 2568 1331 2641 Epiphanius
1347 2574 1373 2621 et
1384 2568 1436 2621 Leo
1448 2568 1488 2621 M„
1499 2566 1591 2621 Probus

438 2655 509 2708 enim
520 2670 551 2707 ac
562 2654 685 2707 Paulinus
696 2670 764 2706 coss.
776 2652 893 2707 incidunt
906 2654 935 2707 in
948 2670 1046 2709 annum
1061 2654 1116 2707 iere
1128 2653 1222 2707 emisti
1234 2654 1292 2708 uit.
1303 2654 1330 2707 iu
1348 2669 1409 2707 aera
1424 2653 1591 2723 Dionysiana

430 2756 492 2809 ¹‹pno
504 2756 537 2792 ex
549 2754 657 2791 numero
669 2756 734 2792 mr
744 2739 819 2791 annis
830 2738 946 2793 deductis
958 2740 1008 2793 246
1020 2740 1081 2793 anni
1096 2740 1189 2809 reliqui
1204 2745 1265 2793 snut
1280 2740 1313 2792 ab
1325 2738 1481 2792 ascensione
1493 2736 1592 2796 domiui

438 2823 548 2876 totidem
556 2824 666 2887 scilicet,
677 2830 741 2892 quot
748 2838 783 2875 ex
791 2824 901 2876 aliorum
909 2826 1037 2877 sententia
1045 2826 1187 2895 posteriore
1196 2826 1224 2877 in
1233 2840 1340 2878 numero
1349 2822 1591 2895 ponitlipiphanius.
1620 2850 1621 2915 p

438 2908 533 2961 Prioris
544 2914 631 2961 autem
642 2907 740 2977 epocha
751 2924 805 2961 non
816 2905 864 2959 tao
875 2912 918 2974 τῆς
930 2906 1086 2979 dociliter,
1098 2910 1144 2963 ssd
1153 2906 1201 2961 toi
1211 2913 1253 2977 uit
1262 2908 1420 2979 συλλήψεως,
1432 2908 1475 2961 rel
1484 2906 1591 2977 potam

437 2993 594 3047 arcessenda
604 2993 714 3047 ridetur.
737 2992 853 3063 Denique
865 2993 934 3063 apud
945 2992 1059 3047 Leonem
1071 3012 1117 3065 pro
1130 3010 1208 3049 ocur.
1220 2994 1357 3065 legendum
1370 3008 1450 3048 corr..
1478 2993 1546 3047 llam
1556 3006 1591 3042 ro·

438 3078 535 3132 tuudus
546 3077 775 3132 hicnnmerusest
790 3077 912 3132 schristi
929 3080 1082 3133 ascensione
1100 3079 1232 3133 deductus.
1267 3079 1404 3133 Caeterum
1421 3096 1454 3132 ex
1472 3078 1522 3131 hac
1538 3074 1592 3145 lipi-

438 3163 528 3235 phanii
537 3165 672 3235 putatione
683 3182 736 3219 uon
747 3164 910 3218 mediocriter
921 3164 961 3231 id,
980 3165 1049 3235 quod
1065 3180 1146 3235 supra
1160 3166 1263 3235 plonius
1275 3164 1448 3227 ostendimus,
1465 3162 1591 3220 astruitur,
1620 3182 1621 3235 p

438 3249 535 3305 curisti
545 3250 644 3304 domiui
654 3252 804 3322 passionem
817 3256 843 3304 et
852 3252 1031 3304 ascensionem
1042 3251 1069 3304 in
1081 3250 1209 3303 Iulianum
1221 3268 1309 3304 aaron.
1322 3250 1461 3303 incurrere.
1620 3312 1621 3317 ἵ

505 3336 551 3388 llnl
563 3332 612 3387 inb
624 3336 692 3404 τότε,
704 3336 745 3388 sal
757 3335 802 3395 ἕως
814 3334 905 3406 δεῦρο]
929 3336 959 3389 In
970 3334 1090 3389 chronico
1103 3334 1240 3405 Nicephori
1250 3352 1297 3405 pro
1309 3334 1404 3398 Baras,
1417 3332 1522 3387 Zabdas
1533 3329 1589 3399 legi·
1620 3344 1621 3405 ᾗ

437 3427 487 3476 tur.
511 3422 578 3475 ltom
585 3438 631 3492 pro
641 3422 773 3485 Maximo,
783 3421 972 3482 Maximianum
983 3436 1127 3490 perperam.
1146 3420 1380 3487 MarimoGyrillue
1391 3419 1532 3481 successit,
1543 3430 1589 3485 quo

437 3507 472 3558 ab
484 3506 587 3559 drisnis
602 3513 711 3558 annoso
722 3506 772 3574 (ait
787 3503 958 3573 Nicephorusi
975 3510 1028 3557 tres
1045 3506 1100 3557 eloe
1118 3506 1175 3558 loco
1193 3504 1281 3558 ordine
1298 3504 1447 3571 subrogati,
1465 3502 1589 3561 imerius,
1620 3538 1621 3547 η

436 3590 582 3655 Heraclius,
598 3591 719 3643 Hilarium.
753 3589 845 3641 Postea
856 3588 968 3657 cyrillus
984 3589 1012 3641 iu
1023 3588 1112 3642 sedem
1123 3590 1257 3643 restitutus
1269 3588 1396 3643 secundae
1407 3589 1508 3658 synodo
1520 3589 1590 3641 iotar-

437 3673 488 3726 tuit
498 3672 624 3727 Gratiam
634 3675 784 3743 imperante.
812 3672 882 3725 llaec
898 3672 1067 3743 Nicephorus.
1102 3675 1205 3728 llieron.
1217 3675 1245 3727 in
1256 3675 1435 3745 supplemento
1447 3672 1557 3743 Gyrillos
1568 3686 1590 3720 rr
1620 3700 1621 3733 ᾗ

436 3766 573 3812 enumerat
582 3765 643 3829 post
653 3758 806 3811 Maximum.
823 3756 888 3809 Aliis
899 3774 981 3810 unum
993 3774 1039 3828 per
1049 3776 1080 3812 ea
1091 3764 1208 3831 tempora
1214 3760 1338 3829 cyrium
1346 3758 1427 3812 luisse
1436 3758 1540 3830 placuit.
1556 3754 1589 3806 Da
1620 3782 1621 3789 1

438 3859 491 3913 quo
502 3843 655 3897 consulendi
666 3844 779 3896 dundee
791 3841 931 3895 Bnroniaui
944 3858 967 3897 a.
982 3858 1070 3897 ccom.
1094 3846 1186 3914 Agitur
1197 3853 1224 3897 et
1235 3845 1266 3897 de
1279 3844 1374 3913 cyrillo
1386 3842 1455 3896 haer.
1468 3858 1559 3897 nrum.

338 3944 352 3985 p
368 3932 412 3975 tet
505 3926 617 3989 Βαοιλας
629 3927 656 3981 bi
667 3926 691 3979 oi
702 3926 821 3995 andtilo]
855 3928 969 3980 Probum
987 3928 1169 3999 imperatorem
1184 3930 1358 3999 praetermisit
1373 3927 1415 3982 hic
1429 3926 1588 4000 Epiphanius·

438 4030 473 4068 au
483 4013 619 4078 librarios,
631 4030 709 4084 quem
720 4014 764 4067 lib.
777 4012 810 4065 de
820 4012 900 4067 Pond.
913 4020 1042 4079 recenset,
1054 4016 1130 4085 eique
1141 4030 1225 4068 anuos
1237 4032 1285 4069 sex
1296 4020 1322 4068 et
1334 4029 1436 4067 menses
1447 4014 1513 4067 dnos
1525 4009 1588 4065 erni·

440 4098 508 4161 buit3
525 4099 666 4152 Aumllano
682 4116 744 4153 roro
760 4114 844 4151 annos
856 4116 871 4149 r
883 4114 987 4151 menses
998 4114 1038 4162 rr,
1055 4108 1119 4169 quot
1130 4098 1235 4153 Eusebii
1247 4098 1386 4153 chronicon
1397 4104 1523 4153 numerat
1554 4094 1587 4147 De

439 4201 492 4256 qua
505 4200 534 4238 re
551 4200 599 4237 suo
611 4184 669 4237 loco
682 4184 834 4237 ridebimus,
868 4182 907 4235 lta
919 4184 1166 4254 Aurelianorum,
1180 4184 1263 4238 Probo
1276 4190 1302 4238 et
1312 4184 1421 4237 Paulino
1433 4200 1501 4239 coss.
1513 4178 1586 4236 usui·

438 4268 577 4324 chssornm
588 4267 702 4322 haeresis
714 4270 825 4322 emersit

506 4353 551 4415 Ὦς
562 4345 681 4407 tiresiae
693 4358 738 4405 τοῦ
749 4351 873 4425 ἀρημένον
886 4350 976 4421 ilion]
995 4354 1086 4407 hunos
1097 4353 1151 4420 hic,
1163 4370 1215 4424 quo
1227 4354 1290 4409 haec
1301 4354 1527 4408 commentabatur
1536 4346 1586 4419 upi-

438 4438 563 4509 phanios,
574 4438 670 4493 Christi
678 4444 719 4492 est
727 4454 869 4493 ccoarxrn
886 4438 997 4492 Valente
1008 4440 1099 4509 imper.
1109 4456 1133 4493 r.
1146 4444 1173 4492 et
1180 4440 1362 4493 Valentiniano
1374 4438 1476 4492 iuniore
1489 4456 1517 4493 rr.
1528 4448 1585 4488 coss.

438 4539 498 4577 cnm
514 4525 646 4595 superiore
660 4540 730 4577 anno
745 4531 863 4577 menone
880 4530 950 4577 esset
960 4524 1157 4578 Valentinianus
1172 4526 1266 4590 senior,
1281 4532 1342 4596 post
1357 4524 1519 4578 consulatum
1532 4519 1585 4575 Gra·

438 4608 503 4661 tiani
514 4627 553 4663 m.
565 4616 592 4662 et
602 4608 707 4679 nquicu
726 4600 846 4662 Mortuus
855 4615 896 4662 est
904 4610 974 4662 enim
983 4608 1108 4663 Nouemb.
1115 4626 1179 4663 xvir.
1191 4610 1301 4679 expletis
1312 4610 1340 4662 in
1351 4608 1461 4679 inperio
1472 4608 1546 4687 uuis
1553 4618 1586 4657 sn

437 4692 526 4746 minus
537 4693 557 4746 0
569 4694 669 4748 diebus.
704 4691 789 4755 Quare
800 4694 968 4763 castigandus
980 4694 1113 4758 Socratae,
1129 4696 1174 4764 qui
1191 4710 1273 4748 mooe
1285 4712 1336 4749 xm
1346 4694 1489 4763 imperasse
1500 4686 1584 4747 scribit,

439 4776 508 4846 quod
525 4792 690 4849 nequaquam
706 4778 829 4849 procedit.
864 4779 931 4832 Nasu
947 4779 1032 4850 coepit
1043 4794 1112 4833 anno
1124 4794 1248 4835 occurro.
1260 4784 1320 4850 post
1331 4779 1472 4832 bisextutn.
1507 4778 1585 4845 ltaqut

438 4876 522 4914 sunus
538 4876 615 4914 aerae
630 4863 805 4933 Dionysiacos
818 4878 959 4918 concurr.
970 4864 1087 4919 Valentis
1103 4870 1224 4929 estam,
1242 4862 1359 4919 Gntiani
1376 4880 1435 4919 reno
1446 4880 1483 4921 rx.
1497 4862 1583 4919 ornan
