3650 5642
1255 619 1391 678 coxovn

233 775 387 848 appellatur,
403 777 459 830 sive
473 776 563 846 ample
577 781 606 830 et
620 776 714 847 ingens
730 791 792 830 area
807 774 949 830 subdivnlis
966 781 993 829 et
1009 773 1135 846 lucrique.
1158 773 1310 830 Cuiusmodi
1320 793 1392 846 pros·

235 860 325 915 suchas
340 861 427 916 fuisse
442 861 517 916 doeet
531 861 698 931 Epiphanius.
731 861 813 915 lirant
827 861 886 914 loca
902 859 1030 930 quaedum
1046 866 1138 932 aperta
1148 876 1179 914 ao
1194 861 1251 914 sine
1266 867 1347 927 tecto,
1363 862 1392 916 in

236 963 296 1016 quae
306 947 404 1000 orandi
414 962 507 1001 mussa
517 947 714 1002 conveniebant.
738 947 825 1000 Tritos
836 951 877 998 est
887 945 1016 999 luvenalis
1028 946 1071 998 ille
1083 961 1172 1000 versus
1184 962 1199 999 e
1210 944 1265 1000 Sat.
1275 965 1314 1002 nr.

434 1032 494 1085 Ede
503 1033 548 1084 uhi
559 1035 695 1095 commetes,
706 1036 734 1084 ia
744 1051 795 1100 quc
807 1041 831 1083 te
840 1049 935 1101 quaero
943 1031 1096 1100 proseucha.

237 1117 271 1170 sd
279 1134 362 1188 quem
373 1123 450 1172 vetus
460 1116 613 1172 scholiastes
623 1117 711 1172 locnrn
722 1133 779 1172 esse
790 1121 919 1171 memorat
930 1115 962 1169 sd
974 1131 1051 1186 quem
1064 1121 1196 1170 convenire
1206 1119 1320 1171 sotebant
1328 1136 1392 1170 mee-

238 1205 284 1256 dies'
295 1206 333 1256 nd
343 1207 437 1273 stepen
443 1205 592 1272 petendus:
609 1204 658 1254 clii
674 1203 819 1266 οαόαναααι,
833 1206 862 1254 ia
872 1221 923 1272 pua
933 1219 1060 1270 pauperes
1072 1205 1167 1256 nivem.
1189 1201 1279 1256 hdditz
1297 1214 1321 1256 et
1330 1221 1392 1272 pro-

237 1287 324 1340 melsa
336 1290 410 1342 locus
421 1288 575 1341 Iudaeorum
585 1288 629 1339 eds·
639 1297 722 1342 eost.
743 1287 824 1340 llxtst
839 1303 872 1340 ea
883 1302 936 1340 vox
947 1286 1035 1340 multis
1052 1286 1080 1340 in
1097 1287 1161 1340 locis
1178 1287 1248 1357 apud
1258 1287 1393 1342 Philonem

237 1373 396 1426 inl'laecum
406 1378 433 1426 et
442 1372 547 1438 Ouium,
558 1372 697 1442 losephnm
708 1373 753 1426 lib.
765 1372 797 1426 de
805 1373 865 1426 vita
876 1387 931 1426 ena
951 1371 1050 1426 Rornae
1061 1371 1178 1442 quidem,
1190 1372 1235 1426 ubi
1245 1373 1392 1443 frequentes

238 1463 304 1511 saut
313 1458 408 1512 ludaei
417 1463 445 1510 et
455 1474 517 1512 vero
528 1457 718 1522 mendicantes,
728 1456 887 1528 proseuchas
897 1457 1044 1527 complures
1055 1456 1166 1510 inerunt.
1186 1456 1254 1512 Nam
1265 1464 1292 1510 et
1302 1458 1393 1512 eudem

237 1542 373 1612 insatyn
387 1543 517 1597 luvenalis
531 1547 658 1614 occupata
674 1544 777 1596 illorum
789 1541 1005 1608 habitationibus,
1023 1547 1061 1607 el,
1078 1547 1107 1596 ut
1118 1541 1239 1596 credibile
1250 1548 1303 1608 est,
1321 1559 1393 1614 pros·

238 1627 320 1681 snchis
331 1645 410 1682 sacra
420 1628 552 1698 quondam
561 1628 644 1682 inisse
654 1628 713 1682 loos
724 1627 897 1698 conqueritur.

437 1714 514 1766 Nono
525 1716 686 1783 eocriseats'a
697 1731 781 1765 cemos
791 1721 816 1764 et
827 1713 933 1765 delubra
945 1715 1061 1765 locaretur
1420 1732 1441 1771 p.
1451 1721 1496 1762 tto.

436 1799 555 1863 Iudaeis,
567 1817 670 1868 quornm
682 1798 958 1868 oophianssocmcsrqne
969 1799 1105 1867 suppellex.

439 1884 526 1936 Omnis
536 1888 601 1937 caira
611 1885 704 1954 popolo
714 1885 852 1936 mercedem
860 1885 973 1952 pendere
984 1887 1055 1936 iusso
1068 1892 1105 1935 ert

437 1971 535 2034 Ardor,
546 1980 570 2022 et
581 1973 668 2022 eiectis
678 1971 807 2022 mendicat
817 1969 885 2020 siloa
897 1969 1036 2021 Camoenis.

241 2054 429 2109 Mendicitatem
437 2070 501 2124 ergo
509 2055 663 2109 ludaeorum
672 2054 801 2124 exagitem
813 2053 904 2123 nilque
912 2069 1040 2108 verorum.
1059 2051 1174 2117 Quodne
1184 2053 1290 2107 dubium
1300 2054 1343 2118 eit,
1355 2054 1396 2106 vel

242 2136 278 2191 hie
287 2140 417 2194 hlartialis
427 2157 517 2194 versus
528 2146 683 2210 argumento
694 2155 752 2194 esee
763 2143 857 2210 potest

437 2227 462 2276 A
476 2234 558 2280 notre
569 2228 658 2280 doctas
668 2244 714 2278 aee
726 2244 820 2293 repere
831 2226 952 2276 Iudaeus.

241 2309 305 2364 hdeo
314 2311 413 2366 laisum
425 2318 464 2364 ent
474 2329 527 2366 non
539 2312 701 2365 mendicasse
712 2310 827 2364 ludaeos
849 2310 921 2362 ldem
933 2309 1061 2364 luvenalis
1073 2308 1127 2363 Sat.
1138 2325 1173 2362 vr.

437 2397 499 2449 Cum
510 2399 639 2450 dedititia
651 2399 730 2449 locum
736 2436 744 2460 ,
757 2396 863 2466 cophino
868 2400 993 2464 saeuoque
1004 2397 1103 2447 relictis

437 2484 572 2534 Arcenam
584 2483 685 2535 Iudaea
697 2491 803 2534 tremens
813 2486 987 2533 immurmurat
1002 2498 1089 2532 aerem

437 2568 569 2637 Iatrrpree
580 2570 660 2636 lepram
669 2567 828 2635 Solymarum
839 2576 865 2620 et
874 2585 968 2636 mopso
980 2568 1102 2618 sacerdos

438 2654 556 2706 Aroma.

245 2732 318 2796 Quem
328 2739 416 2791 locum
427 2754 549 2791 enarrans
561 2744 635 2791 votus
651 2739 694 2792 ille
709 2737 860 2792 scholiastes
880 2739 964 2792 multa
980 2755 1029 2792 sno
1047 2753 1118 2791 more
1135 2741 1249 2806 nugatur
1266 2743 1292 2788 et
1308 2735 1395 2788 nescio

245 2820 341 2888 quidde
351 2823 434 2877 hortis
445 2825 535 2894 garrit,
546 2824 617 2894 qnod
627 2840 645 2877 a
654 2824 766 2895 cophino
777 2824 906 2893 loeuoqne
918 2824 996 2876 nimis
1008 2823 1121 2875 alienum
1133 2828 1180 2876 est.
1215 2821 1268 2875 Neo
1283 2822 1396 2874 melioris

246 2911 312 2959 notas
323 2909 444 2978 estquod
455 2910 555 2974 adiicit,
572 2910 759 2979 supellectilem
776 2909 843 2962 hunc
859 2925 929 2972 esse,
948 2909 993 2962 ubi
1009 2908 1182 2977 pulmentaria
1198 2923 1246 2960 sua
1262 2912 1288 2960 et
1299 2923 1396 2976 aquam

246 2991 346 3046 calidam
358 2995 400 3047 die
410 2995 513 3048 sabbati
524 3011 627 3048 servare
639 3000 833 3048 consueverant.
851 2993 899 3046 Est
909 2993 973 3045 illnd
986 2992 1089 3061 quidem
1103 3008 1204 3056 verum,
1216 2993 1325 3046 ludaeos
1337 2994 1396 3046 aab·

247 3073 293 3128 bati
303 3080 427 3147 religione
438 3080 583 3149 prohibitos
594 3097 628 3132 ne
636 3079 734 3133 cibaria
742 3085 882 3148 coquerent
889 3095 921 3130 ea
930 3078 1010 3148 pridie
1019 3079 1068 3130 snb
1077 3093 1212 3146 vesperam
1220 3093 1397 3147 prosperasse,

246 3161 305 3214 unde
315 3181 452 3233 pmaseeve
463 3165 540 3218 dicta
558 3165 655 3218 Verum
666 3181 760 3234 nquam
773 3164 869 3216 abillis
881 3163 990 3215 calidam
1003 3162 1029 3214 in
1042 3168 1194 3232 sequentem
1203 3161 1271 3214 diem
1282 3163 1309 3214 in
1318 3163 1395 3216 loeno

247 3249 353 3312 potuisse
364 3251 473 3314 serrari,
484 3251 511 3302 id
519 3267 580 3303 vero
591 3251 727 3304 ridiculum
740 3256 786 3303 est
804 3247 873 3312 Quin
884 3253 910 3300 et
921 3247 984 3300 illud
996 3247 1204 3312 observavimus,
1216 3245 1325 3300 ludaeos
1337 3249 1395 3300 eah-

247 3330 307 3384 istis
318 3335 407 3388 calidis
417 3335 568 3406 potionibus
580 3336 745 3391 abstinuisse.
776 3335 875 3388 Iudicat
885 3333 933 3386 hoo
946 3333 1060 3386 lustinus
1072 3332 1175 3401 dialogo
1187 3349 1246 3385 cunr
1258 3331 1396 3404 Tryphone

249 3430 315 3483 quem
325 3421 363 3474 ila
373 3422 522 3491 compellat:
541 3419 599 3490 μηδ’
612 3419 649 3472 ὅτι
661 3421 749 3490 θερμὸν
761 3420 860 3489 πίνομεν
873 3416 897 3470 ἓν
909 3421 960 3480 τοῖς
973 3415 1081 3486 σάββασι
1094 3417 1170 3468 δεινὸν
1181 3417 1291 3488 ἡγέἶοθει
1309 3419 1397 3488 Neque

248 3505 304 3566 quod
310 3525 401 3574 nquam
411 3507 524 3558 calidum
533 3507 648 3559 soldaris
657 3508 770 3558 ditamus
778 3513 927 3558 sucronem.
948 3504 1027 3557 Irasci
1039 3507 1110 3556 vetat
1121 3503 1257 3567 Iudaeum,
1270 3503 1338 3572 qnod
1351 3520 1396 3574 per

249 3585 469 3644 commenticiam
480 3592 613 3661 potionem
628 3590 786 3644 adhiberent.
819 3591 890 3660 lirgo
906 3589 995 3642 ludaei
1012 3589 1086 3642 aliter
1103 3589 1276 3644 instituerunt.
1302 3589 1395 3644 Verum

249 3672 362 3728 reclamat
377 3676 510 3746 lgnstins,
527 3677 573 3746 qni
588 3677 670 3748 Epist.
683 3695 723 3731 ιιι.
740 3677 773 3729 ad
789 3677 879 3746 Magn.
897 3675 1054 3728 eontrarium
1071 3675 1179 3728 indicat:
1212 3672 1282 3726 Ἀλλ’
1295 3674 1396 3738 ἕκαστος

250 3751 309 3822 ἱμῶν
320 3761 487 3830 ααββατιζέτω
498 3764 678 3832 πνευματικῶς,
694 3761 783 3830 μελέτη
794 3763 872 3831 νόμον
882 3759 986 3831 χαίρων,
1004 3759 1034 3812 od
1046 3759 1161 3830 σώματος
1173 3758 1263 3828 ἀνέσει,
1281 3761 1397 3830 δημιουρ-

250 3839 296 3905 γίαν
306 3843 360 3898 θοοῦ
371 3845 511 3915 θαυμάζων,
527 3845 576 3916 οὐχ
593 3846 660 3898 ἕωλα
675 3844 770 3913 ἐσθίων,
788 3846 828 3898 καὶ
843 3845 936 3917 χλιαρὰ
947 3845 1031 3912 πίνων,
1050 3844 1090 3897 καὶ
1102 3845 1269 3915 μεμετρημένα
1281 3845 1396 3914 βαδίζων,

252 3925 284 3974 ml
294 3924 390 4001 ὀρχήσει
401 3932 442 4002 καὶ
454 3933 549 4001 κρότοις
561 3935 618 3983 νοῦν
630 3931 675 3983 οὐκ
687 3928 771 4001 ἔχουσι
782 3932 885 4001 χαίρων.
903 3931 974 4001 Ergo
984 3931 1137 3984 ludaeorum
1149 3937 1175 3983 el
1183 3931 1396 3984 Sshhainrlornm

250 4015 395 4085 nnqlsepe
411 4016 494 4085 κίναν,
510 4033 571 4069 enm
587 4022 676 4070 tamen
693 4017 782 4085 ignem
799 4017 851 4069 nisi
867 4032 1005 4086 aegrorum
1023 4031 1117 4068 caussa
1133 4033 1185 4068 non
1202 4017 1291 4068 liceret
1307 4032 1396 4069 accen·

251 4093 312 4229 hah„
322 4109 350 4154 ut
360 4103 387 4156 iu
397 4103 484 4156 Tract.
496 4102 529 4155 de
540 4102 656 4155 Sahhato
667 4101 863 4156 Thalmndistae
874 4102 980 4166 docent,
991 4106 1017 4152 et
1028 4100 1059 4152 ln
1067 4100 1184 4154 hlaimon
1197 4119 1214 4155 r.
1224 4106 1297 4170 parte
1308 4101 1353 4153 lad
1365 4100 1396 4152 de

280 4181 362 4240 hbalo.

307 4267 377 4341 Ὅτι,
393 4272 474 4342 φησὶν,
491 4269 570 4324 ἐδόκει
583 4273 660 4334 τόπος
672 4276 806 4344 αροςεοχῆς
818 4268 895 4339 εἶναι]
931 4271 1005 4341 Apud
1023 4269 1053 4322 D.
1066 4269 1175 4336 Lucam,
1193 4269 1255 4324 deson
1273 4267 1396 4338 ἐνομίζετο

253 4357 360 4427 προςευχὴ
371 4351 437 4410 εἶναι.
460 4356 511 4410 Uhi
522 4357 658 4428 κροςευχὴν
668 4375 716 4428 pro
727 4359 785 4411 loco
796 4358 852 4428 ipso
864 4358 980 4428 plerique
992 4356 1130 4425 accipiunt.

307 4440 337 4495 ll.
348 4461 377 4496 rr.
397 4441 525 4512 Τροσάριᾶ
536 4460 590 4494 τινα
600 4442 843 4510 κατασκευάσαντος]
876 4442 935 4495 Νοο
952 4441 1031 4494 sliam
1045 4443 1171 4495 vocabulo
1189 4439 1248 4494 hnic
1265 4441 1396 4494 notionem

253 4524 522 4598 tltrihnerepotninrus
533 4545 613 4598 qnam
624 4534 654 4582 ut
664 4525 713 4580 ἀπὸ
726 4531 767 4595 τῆς
779 4531 889 4598 τρόπιος,
907 4542 975 4596 qnae
992 4527 1107 4581 carinam
1123 4543 1174 4579 vox
1192 4525 1335 4595 significat,
1353 4525 1396 4578 de·

254 4603 371 4668 rivaretnr.
394 4614 451 4666 Nisi
462 4613 529 4666 forte
540 4613 645 4683 τοκάρια
656 4631 703 4683 pro
714 4614 834 4682 angustis
845 4612 983 4683 parvisque
994 4613 1059 4666 loeis
1071 4611 1210 4684 legendnm
1220 4611 1306 4664 luerit.

308 4695 494 4768 Καταλαγμᾶιιᾶ
510 4703 582 4766 τινα]
618 4700 724 4752 corner.
740 4694 936 4767 καταληγμᾶτια.
972 4697 1015 4750 list
1034 4699 1103 4752 eninr
1121 4693 1269 4766 κατάλημμα
1285 4713 1397 4759 carmen,

255 4773 299 4830 live
312 4785 441 4837 canticum
458 4788 504 4836 aut
520 4786 644 4838 celeuma
666 4785 771 4836 llieron.
789 4783 817 4835 in
834 4799 890 4852 erp.
901 4799 961 4834 xxv.
974 4783 1130 4846 hieremiae,
1146 4797 1213 4834 corn.
1226 4781 1269 4836 30.
1286 4785 1396 4835 osteum

256 4863 330 4921 scribit
340 4883 357 4920 a
367 4867 525 4939 Symmacho
535 4870 601 4923 verti
617 4865 779 4939 καταληγμα,
796 4868 831 4921 ab
842 4867 936 4937 Aquila
954 4865 1055 4938 lcopds3
1073 4881 1166 4936 nempe
1183 4883 1200 4920 a
1216 4883 1312 4938 pensa,
1329 4859 1418 4922 unde'
