3650 5642
1302 627 1387 684 xum

242 785 375 856 rspiscopou
387 785 507 840 exuusse
517 789 624 855 putant,
639 783 674 838 ab
684 798 768 853 eoque
777 783 835 837 rice
845 798 907 849 sus,
923 799 975 854 quc
985 783 1138 856 pmesertim
1149 787 1265 854 tempore
1276 783 1388 848 abesset,

241 871 296 924 libi
304 870 453 942 prwiectoe.
477 871 531 923 Alii
541 871 673 940 legitimos
685 875 713 924 et
722 869 866 924 ordinarios
877 869 986 924 iaciunt.
1011 868 1151 941 Utriusque
1162 868 1305 924 secuntiae
1316 884 1387 924 men·

242 958 328 1009 fiunem
336 956 400 1010 iecit
409 955 580 1027 Epiphanius,
592 961 619 1008 et
629 961 689 1009 utra
699 956 783 1009 rarior
795 956 838 1019 eit,
848 956 976 1008 incertum
985 955 1114 1025 relinquit.
1136 955 1252 1010 Priorem
1263 971 1298 1010 ex
1308 955 1387 1008 Pecu·

241 1042 366 1095 dodmaso
377 1042 544 1112 amplectitur
552 1040 675 1096 Onuirim
686 1043 715 1095 in
726 1040 866 1095 Chronico:
883 1041 930 1110 qui
940 1056 956 1093 s
969 1041 1044 1094 Petro
1056 1039 1140 1095 adhuc
1151 1040 1288 1112 superstite
1300 1038 1387 1094 ohore-

243 1129 351 1198 piscopos
367 1127 434 1180 duos
449 1127 606 1182 constitutos
623 1128 673 1192 sit,
689 1126 785 1180 Linum
800 1132 880 1197 atque
896 1125 1010 1192 cletum,
1027 1141 1095 1180 anuo
1106 1126 1272 1197 pontificatus
1283 1127 1324 1179 sni
1335 1143 1388 1180 ιιι.

241 1212 311 1266 Paulo
326 1229 386 1266 rero
402 1219 465 1266 ante
481 1229 561 1282 quam
577 1218 722 1266 moreretur
739 1212 849 1266 eundem
865 1211 971 1266 Petrum
988 1227 1164 1266 successorem
1181 1211 1315 1266 ordinasse
1332 1209 1388 1266 (lle-

240 1305 340 1350 neutsm
351 1315 421 1351 anno
434 1297 531 1352 Christi
541 1315 634 1354 arvus.
646 1299 729 1352 Linus
739 1315 816 1368 porro
828 1297 920 1352 eudem
936 1313 1006 1350 suno
1022 1312 1075 1368 quo
1090 1297 1194 1363 Petrus,
1209 1297 1300 1367 paucis
1316 1313 1388 1350 men-

241 1384 302 1436 sibus
314 1385 464 1448 ἰιιοιὶοιῦι,
480 1400 575 1455 nempe
585 1403 622 1440 ιι.
640 1383 766 1456 Κάβα.
777 1399 872 1454 passus
887 1387 936 1436 est
962 1381 1082 1436 Clemens
1099 1382 1199 1452 primus
1213 1389 1275 1452 post
1284 1383 1389 1438 Petrum

240 1469 359 1522 Mmsnus
369 1469 491 1539 pontifex
503 1486 587 1522 annos
601 1470 669 1524 sedit
677 1488 720 1535 ιι,
730 1485 834 1522 menses
844 1487 878 1534 rr,
890 1470 945 1522 dies
954 1486 1027 1523 urs.
1045 1467 1096 1532 Qui
1105 1485 1164 1522 cum
1169 1468 1389 1539 Vespasianovrr,

240 1554 452 1620 stillantium,
464 1571 533 1608 anno
545 1554 642 1609 Christi
652 1573 762 1619 curru,
772 1559 891 1608 mortuus
902 1559 979 1619 esset,
990 1569 1168 1608 successorem
1179 1552 1270 1608 habuit
1280 1553 1390 1620 cletum,

242 1641 278 1709 qui
285 1640 424 1694 Clementis
435 1639 562 1694 hacteuus
572 1657 626 1694 non
637 1641 747 1709 collega,
758 1639 804 1693 sed
815 1639 967 1693 administer
974 1639 1066 1692 iuerat.
1084 1639 1169 1708 Atque
1176 1640 1200 1692 is
1209 1639 1390 1709 pontificatum

240 1743 278 1778 ser
288 1727 362 1779 aunis
374 1727 460 1779 tenuit
469 1727 603 1780 mensibus
611 1743 637 1792 r,
648 1725 740 1779 diebus
748 1725 840 1790 tribus,
850 1741 910 1778 cum
922 1725 1059 1796 spiscopus
1070 1739 1100 1776 ac
1109 1723 1262 1794 pontificum
1273 1725 1390 1778 minister

239 1813 302 1864 suuis
313 1817 393 1865 antes
403 1830 453 1876 ιι,
464 1813 598 1866 mensibus
610 1830 635 1878 v,
646 1811 738 1865 diebus
750 1829 789 1868 ιιι
800 1811 938 1864 extitisset
964 1809 1036 1864 Utin
1047 1814 1132 1864 totum
1143 1811 1218 1864 annis
1230 1827 1307 1874 xxvi,
1317 1826 1390 1864 men·

239 1897 300 1950 ubus
309 1915 340 1962 ι,
357 1897 451 1951 diebus
462 1916 498 1951 xv
515 1898 693 1968 episcopatum
710 1897 829 1967 gennerit.
854 1896 965 1950 Moritur
982 1901 1071 1950 autem
1088 1911 1156 1950 anuo
1174 1893 1270 1950 Christi
1282 1913 1388 1950 aruir.

239 1981 375 2036 Domitiano
387 2001 425 2037 ιι.
436 1983 592 2052 Uirginio
604 1981 677 2038 Coss.
695 1983 771 2036 llunc
781 1981 922 2034 Auadetua
934 1981 1043 2051 excepit
1064 1981 1134 2036 Haec
1146 1981 1278 2036 Onuirius.
1298 1980 1389 2050 Aqui·

239 2069 385 2122 iuratores
395 2069 514 2138 plerique
531 2068 749 2139 praestantissimi
765 2068 902 2138 scriptores
920 2081 950 2120 ac
966 2066 1121 2120 recentiores
1139 2067 1309 2132 dissentiunt,
1327 2082 1389 2136 qua·

239 2157 301 2206 tenus
310 2155 408 2208 Linum
418 2160 446 2206 et
453 2154 565 2219 illatum,
575 2154 631 2207 sire
642 2153 804 2218 Anacletnm,
814 2158 875 2224 post
882 2152 988 2206 Petrum
995 2152 1126 2222 legitimos
1136 2157 1162 2204 et
1171 2152 1312 2206 ordinarios
1323 2151 1390 2206 Pon·
1418 2173 1439 2213 p.
1451 2161 1484 2204 te.

239 2241 308 2293 uices
323 2245 478 2304 numerant,
495 2246 527 2292 ut
541 2239 663 2292 heuneus
679 2239 725 2292 lib.
736 2257 776 2294 ιιι.
793 2253 851 2310 cap.
863 2257 912 2303 nn,
930 2237 1058 2292 Eusebius
1075 2238 1102 2292 iu
1115 2237 1209 2294 Chron.
1222 2244 1249 2292 et
1258 2239 1389 2304 Historia,

238 2325 343 2390 Tertull,
354 2323 519 2396 Epiphanius
536 2331 564 2378 et
580 2326 625 2378 alii
640 2325 780 2380 innumeri.
807 2324 906 2389 Quibus
918 2325 1028 2379 libenter
1039 2323 1194 2379 accedimns.
1221 2324 1274 2380 Sed
1285 2325 1390 2380 illorum

239 2411 339 2480 plerique
352 2411 457 2464 Gletum
467 2411 580 2465 eundem
591 2427 651 2464 cunr
661 2411 787 2464 AnaclMo
798 2410 906 2464 iaciunt.
932 2408 1004 2473 Quae
1021 2410 1109 2463 omnia
1124 2415 1194 2463 recte
1205 2410 1233 2464 in
1244 2410 1389 2464 Annalibus

240 2511 264 2547 ac
276 2497 411 2566 hligeuter
427 2498 550 2568 exposite
565 2501 635 2550 sunt
664 2495 717 2550 Sed
727 2496 823 2550 vitiosa
831 2501 880 2550 xest
895 2495 992 2548 ibidem
1009 2511 1138 2550 annorum
1153 2497 1234 2560 ratio,
1251 2501 1278 2549 et
1293 2497 1390 2551 biennii

239 2576 407 2652 suppostaque<
418 2583 517 2652 ubique
528 2583 696 2647 commissus,
714 2582 746 2636 de
763 2598 816 2652 qno
833 2581 867 2634 sd
882 2580 953 2634 haer.
965 2599 1000 2636 ιι.
1012 2581 1183 2651 disputamus.
1210 2581 1336 2646 Quocirca
1347 2598 1388 2638 ca·

239 2666 348 2734 siguum
358 2667 517 2738 pontificum
526 2667 603 2723 Rom.
616 2669 710 2722 seriem
718 2674 746 2722 st
755 2667 789 2722 sd
798 2684 874 2722 veros
882 2683 966 2722 anuos
974 2665 1106 2722 redactam
1113 2665 1163 2720 hoc
1174 2667 1231 2722 loco
1243 2668 1388 2735 subiiciam,

239 2765 314 2806 eorum
323 2754 468 2818 danunt,
480 2769 547 2823 quos
558 2753 718 2825 Epiphanius
729 2759 855 2807 recenset

294 2837 398 2892 Primus
414 2839 497 2908 igitur
507 2839 606 2892 Romae
623 2839 805 2910 pontificatum
820 2839 906 2892 tenuit
921 2837 1026 2904 Petrus,
1047 2837 1093 2908 qui
1113 2853 1182 2892 anno
1204 2837 1315 2894 Neronis
1331 2857 1389 2895 xm.

238 2937 317 2991 passm
332 2929 387 2989 est,
405 2923 533 2995 Capitone
550 2931 577 2978 et
592 2925 660 2978 Ruio
673 2924 761 2989 (loss,
778 2926 824 2995 qui
840 2931 882 2980 eet
897 2924 1014 2980 tubanus
1027 2938 1104 2991 curn,
1122 2941 1197 2980 serso
1213 2925 1390 2996 Dionysianee

240 3023 318 3074 srvis,
328 3027 384 3064 uon
395 3027 482 3076 ιιιι,
493 3016 524 3064 ut
534 3016 574 3064 est
584 3011 613 3064 iu
623 3010 784 3076 Annalibus,
802 3015 859 3076 sut,
870 3017 901 3064 ut
912 3009 1020 3064 Onuirio
1032 3011 1129 3081 placet,
1141 3029 1233 3066 ιιιιιι.
1259 3012 1308 3068 Hic
1319 3013 1389 3066 enim

240 3108 281 3146 unc
295 3096 424 3149 lunarat
441 3111 524 3161 anuo,
541 3096 580 3150 illi
596 3096 701 3152 biennio
712 3113 803 3150 rerum
820 3101 923 3168 tempus
941 3101 1113 3152 mterertunt
1139 3095 1219 3152 Cuius
1237 3113 1345 3152 canem
1356 3097 1390 3152 ad

240 3176 340 3234 been
351 3200 389 3236 as
401 3183 557 3252 aperiemus.
863 3254 866 3260 ι

292 3266 387 3322 Eodem
398 3283 469 3321 anno
480 3267 575 3323 Linum
587 3268 720 3322 successit.
743 3267 792 3323 Oui
802 3283 886 3322 suuos
897 3268 1029 3338 inputant
1038 3285 1076 3333 ιι,
1087 3283 1192 3322 menses
1204 3286 1233 3333 rr,
1246 3267 1301 3322 dies
1312 3285 1389 3324 ιιιιι.

240 3347 344 3423 Itemque
353 3358 476 3407 mortuus
487 3361 530 3408 est
539 3369 608 3408 anno
619 3354 779 3425 Dionysiano
788 3372 912 3420 ιιιιιιι,
924 3353 996 3425 Sept.
1007 3371 1095 3419 ιιιιι.,
1107 3361 1176 3420 uon,'
1184 3357 1215 3407 ut
1225 3353 1264 3407 illi
1274 3359 1389 3420 censent,

240 3451 307 3492 ιιιι.
905 3463 912 3472 ·

293 3524 392 3580 Tertius
403 3523 502 3578 Linum
513 3524 601 3580 Gletus
613 3528 730 3597 excepit,
746 3525 865 3596 seditque
876 3541 959 3580 snnos
970 3543 1018 3592 ιιι,
1029 3541 1134 3579 menses
1146 3543 1192 3591 ru,
1204 3524 1259 3580 dies
1271 3543 1301 3582 ιι.
1318 3525 1390 3581 Obiit

240 3622 295 3662 nnc
304 3610 467 3680 Dionysiauo
478 3625 534 3666 scr.
545 3612 641 3683 Aprilis
653 3631 725 3668 ιιιι.
742 3613 855 3666 Traiano
867 3617 894 3665 et
905 3610 1044 3666 Glabrione
1057 3611 1130 3667 (loss.

293 3695 405 3759 Qusrtus
421 3701 463 3750 est
479 3695 613 3763 Clemens,
630 3699 673 3752 cui
689 3699 753 3752 anni
769 3698 919 3752 tribuuntur
929 3715 966 3765 ιι,
983 3713 1087 3753 menses
1098 3715 1134 3763 rr,
1151 3696 1207 3752 dies
1218 3715 1255 3754 vr.
1278 3697 1390 3754 Moritur

240 3793 296 3834 nac
306 3781 414 3852 Dionys.
425 3783 567 3837 ιοιιοιὶιιο
577 3801 615 3838 ιι.
626 3783 684 3838 lisl.
694 3785 758 3839 Dec.

294 3866 403 3931 Quintus
413 3867 515 3924 Romae
525 3869 639 3940 praefuit
649 3871 803 3937 huacletun
815 3869 891 3925 annis
902 3886 944 3936 ιι,
956 3871 1092 3925 mensibus
1103 3888 1148 3938 ιιι,
1160 3869 1252 3924 diebus
1263 3887 1290 3925 ι.
1319 3870 1390 3925 Obiit

241 3963 296 4005 emo
306 3968 348 4007 ox.

294 4038 389 4094 Sextus
400 4039 548 4110 Euaristus,
563 4041 609 4112 qui
620 4045 647 4096 et
656 4042 714 4113 ipse
724 4057 808 4096 annos
819 4040 888 4097 sedit
896 4059 939 4109 ιι,
954 4057 1060 4098 meuses
1070 4058 1111 4097 ιιι.
1135 4041 1257 4097 Mortuus
1269 4045 1310 4097 est
1319 4055 1388 4096 suno

242 4135 313 4189 cum,
324 4125 428 4180 Octobr.
439 4143 513 4180 xxrr.

294 4228 337 4264 ru.
348 4217 390 4264 est
399 4211 557 4277 Alexander,
566 4213 612 4284 qui
622 4231 641 4266 ι
652 4229 734 4267 annos
747 4213 870 4268 ecelesiae
881 4212 1006 4284 praefuit,
1022 4217 1068 4266 aut
1083 4211 1163 4268 ctiam
1179 4213 1280 4285 aliquot
1290 4227 1321 4267 ec
1333 4227 1388 4264 am·

242 4291 296 4358 plius
305 4313 415 4350 menam.
432 4297 507 4351 Vixit
517 4297 551 4350 ad
561 4315 661 4352 anuum
671 4315 755 4370 usque
766 4315 845 4353 um.
864 4298 920 4363 Quo
933 4299 1024 4354 eodem
1038 4313 1106 4353 suno

295 4397 349 4437 run
359 4382 539 4436 Romanorum
556 4383 710 4454 pontificum
726 4389 828 4438 creatus
846 4390 887 4438 ast
902 4385 1004 4440 Xistus.
1033 4384 1059 4438 ls
1076 4385 1152 4440 aunis
1170 4385 1260 4440 decem
1276 4381 1388 4454 expletis

243 4471 344 4519 uortuus
355 4473 396 4521 est
406 4484 477 4521 anno
489 4466 586 4522 Christi
596 4469 698 4523 circiter
709 4485 770 4526 car..

293 4569 329 4605 ιι
339 4553 514 4624 Telesphorus
522 4569 605 4608 annos
614 4555 682 4609 sedit
691 4573 728 4621 ιι,
738 4571 844 4610 meuses
852 4573 889 4621 ιι,
901 4555 956 4610 dies
965 4571 1005 4612 ru.
1015 4555 1169 4628 Martyrium
1177 4555 1239 4610 iecit
1246 4569 1315 4611 anuo
1322 4569 1386 4611 carr.

295 4653 321 4690 a
330 4637 463 4708 Hyginus,
474 4639 552 4694 annis
563 4657 599 4694 ιι.
616 4639 667 4704 Qui
678 4641 745 4695 obiit
754 4657 824 4695 suno
836 4657 906 4696 curn

295 4739 331 4776 ιι
340 4723 410 4778 Pius.
429 4723 479 4778 (lui
490 4741 575 4779 annos
586 4726 717 4796 imputant
727 4728 840 4782 hunsles
852 4745 889 4791 ιι,
901 4741 1005 4780 meuses
1016 4745 1052 4782 rr.
1070 4726 1142 4780 Obiit
1151 4741 1220 4780 suno
1232 4741 1311 4783 carr.

296 4823 341 4864 xm
356 4809 498 4877 Anicetus,
514 4811 591 4867 suuis
602 4829 651 4868 ιιιι
666 4813 754 4868 miuus
769 4812 905 4868 mensibus
915 4829 950 4878 n,
965 4827 997 4867 ac
1015 4811 1106 4867 diebus
1117 4827 1163 4867 ru.
1194 4812 1304 4868 Moritur
1318 4827 1387 4870 auno

247 4899 338 4950 vtum.
