3650 5642
437 613 549 672 LXXVI

411 829 416 839 ·
522 803 566 858 AD
583 802 816 871 munerun,
839 803 929 872 QUAE
946 805 1009 860 EST
1025 803 1512 860 Tussnnhsohhnuctutnsnuu.

504 940 795 1005 Quartadeeimanorum
815 944 871 998 aire
891 944 1184 1015 Τισσαρεςκαιδεκαιιτῶν
1202 942 1315 996 haeresis
1335 959 1365 996 ea
1382 943 1489 1014 proprie
1506 941 1585 994 dicitur

437 1043 504 1098 quae
515 1027 619 1080 ludaico
630 1044 702 1080 more
716 1027 814 1098 paseha
827 1031 891 1082 luna
902 1048 955 1084 arv.
968 1029 1150 1082 celebrandum
1164 1029 1268 1093 amerit,
1284 1045 1479 1099 quamcumque
1494 1026 1586 1079 demum

436 1114 465 1166 iu
475 1113 567 1166 feriam
577 1113 686 1165 ineidat:
705 1130 771 1183 quae
782 1114 832 1167 init
842 1116 1015 1168 Asiaticorum
1027 1115 1128 1184 opinio,
1146 1115 1190 1184 qui
1200 1114 1304 1168 loannis
1320 1115 1462 1168 autoritate
1471 1113 1530 1165 freti
1538 1127 1587 1180 per·

436 1199 554 1252 timber
565 1199 645 1251 ritum
654 1199 729 1252 illum
740 1200 1006 1269 consuetudinemque
1016 1205 1161 1254 tennerunt
1190 1200 1228 1254 De
1241 1216 1291 1269 qno
1303 1199 1435 1253 Eusebius
1446 1199 1521 1252 libs.
1531 1197 1588 1248 llist

436 1283 516 1336 Addit
529 1284 692 1353 Augustinus
709 1286 755 1342 lib.
766 1285 798 1337 de
812 1285 917 1340 Haerea
936 1285 1043 1340 eosdem
1058 1285 1117 1338 illos
1131 1303 1183 1340 xiv.
1199 1287 1262 1338 lnna
1278 1285 1367 1338 Martii
1381 1285 1484 1338 usensis
1501 1279 1589 1352 pascha

436 1367 535 1422 fixisse.
554 1368 604 1422 Ubi
612 1369 736 1423 Martium
744 1387 797 1424 non
805 1371 947 1438 Iulianum,
959 1371 1005 1423 sed
1016 1372 1133 1424 lunarem
1145 1371 1255 1440 intelligi
1267 1387 1372 1424 necesse
1384 1375 1440 1434 est,
1453 1385 1513 1422 cum
1523 1365 1589 1437 pleri·

437 1470 487 1523 que
498 1453 633 1524 paschales
645 1473 749 1510 menses
761 1457 840 1510 ettam
850 1456 949 1510 Iudaici
961 1457 988 1509 iu
999 1457 1114 1528 Aprilem
1125 1457 1274 1510 inciderent
1295 1455 1355 1512 Nisi
1369 1456 1440 1510 sorte
1456 1455 1484 1508 iu
1501 1468 1531 1504 aa
1541 1449 1589 1519 qui·

436 1539 497 1592 dam
514 1540 636 1609 opinione
652 1541 749 1594 luerint
764 1547 793 1594 ut
804 1542 897 1612 Martio
915 1558 1004 1594 mense
1021 1547 1144 1612 perpetuo
1157 1541 1338 1594 celebrandum
1350 1545 1483 1611 putarent
1506 1535 1591 1590 Scribit

436 1625 506 1678 enim
516 1623 668 1682 Philastriua
684 1626 929 1689 Quartodecimanos
947 1625 1044 1696 pascha
1059 1643 1148 1680 mense
1163 1627 1257 1680 Martio
1275 1626 1462 1680 celebrandum
1478 1636 1590 1676 asserere.

435 1711 521 1780 Atque
531 1709 596 1764 haec
606 1714 656 1762 τῶν
668 1711 962 1782 Τισσαρεςκαιδεκατιτῶν
976 1727 1038 1764 vora
1049 1720 1089 1764 est
1100 1717 1127 1764 et
1137 1728 1263 1781 germana
1274 1713 1354 1765 notio.
1382 1711 1438 1764 Sed
1451 1715 1479 1762 et
1489 1708 1539 1760 alia
1548 1704 1591 1757 luit

436 1795 527 1849 eodem
538 1797 665 1849 vocabulo
677 1795 864 1866 comprehensa
875 1797 1073 1867 depravatorum
1084 1798 1193 1850 istorum
1207 1797 1300 1862 heho,
1317 1813 1382 1867 quae
1399 1797 1472 1850 mira
1488 1790 1591 1862 quadam

436 1882 562 1935 abusione
579 1880 870 1944 Quartadecimanornm
885 1899 982 1935 nomen
998 1883 1099 1935 meruit
1131 1882 1254 1936 Nonnulli
1269 1883 1363 1952 quippe
1379 1878 1538 1934 celebrando
1553 1890 1590 1944 po·

435 1965 520 2020 achati
530 1971 631 2018 oenum
642 1967 671 2018 in
681 1982 750 2020 auno
762 1967 862 2020 Iuliano
874 1967 944 2020 diem
955 1973 1114 2022 statuerunt:
1126 1969 1197 2021 velut
1208 1987 1264 2022 vm.
1277 1967 1333 2020 Kal.
1346 1971 1391 2019 aut
1402 1985 1449 2020 xv.
1464 1970 1510 2018 aut
1521 1981 1554 2025 1.,
1564 1959 1591 2010 dt

436 2052 531 2121 quibua
542 2052 620 2120 paulo
635 2057 696 2121 post
712 2052 844 2120 agendum
859 2053 922 2117 erit,
939 2070 1005 2122 quos
1021 2069 1112 2106 omnes
1123 2053 1282 2124 Epiphanius
1299 2053 1333 2105 ad
1349 2049 1591 2116 Quartodecimum

348 2161 369 2200 ιι.
378 2149 410 2191 ee
435 2136 598 2205 aggregarit
620 2136 708 2189 Tertia
718 2139 760 2203 τῆς
772 2142 816 2189 τοῦ
828 2136 919 2208 Πάσχα
931 2137 1077 2208 διαστροφῆς
1089 2139 1245 2208 ratioatqna
1256 2137 1382 2202 haeresis,
1398 2143 1430 2190 ut
1443 2131 1590 2206 aptioribus

435 2221 549 2285 masma,
566 2221 604 2274 eie
615 2221 908 2285 Quartodecimanorum
926 2225 1124 2293 appellationem
1141 2225 1235 2276 iustius
1247 2240 1325 2294 qnam
1337 2224 1468 2294 posterior
1479 2219 1542 2274 haee
1553 2215 1591 2268 ob

435 2308 539 2372 tinebit;
557 2323 694 2377 quaecum
706 2310 855 2362 uniuersam
866 2310 929 2363 olim
940 2309 1090 2374 ecclesiam,
1106 2313 1162 2362 tum
1179 2309 1314 2380 praecipua
1326 2308 1515 2362 oceidsntalem
1526 2316 1590 2354 exer-

435 2394 497 2448 cuit.
519 2394 594 2447 Hane
604 2395 650 2464 qni
661 2395 743 2448 secuti
753 2400 827 2457 snut,
844 2393 940 2464 pascha
953 2395 990 2447 illi
1007 2395 1111 2464 quidem
1123 2395 1253 2448 dominico
1265 2394 1306 2447 die
1317 2395 1499 2455 celebrabant;
1515 2387 1558 2442 sed
1571 2383 1590 2436 si

435 2497 488 2534 xiv.
497 2481 561 2533 luna
570 2480 599 2532 in
610 2497 670 2532 enm
679 2480 748 2533 diem
759 2480 890 2544 incideret,
900 2497 954 2533 non
966 2495 999 2534 ex
1010 2480 1169 2551 praescripto
1178 2479 1307 2533 Nicaenae
1315 2479 1414 2548 Synodi
1425 2479 1455 2532 in
1465 2495 1520 2530 aar.
1529 2473 1589 2525 diem

434 2564 600 2629 differebant,
617 2565 662 2617 sed
678 2566 829 2618 intermino
840 2566 898 2634 ipso
910 2565 1006 2619 lestnm
1019 2566 1134 2621 obibant.
1157 2565 1232 2630 Quod
1248 2567 1275 2618 in
1288 2565 1373 2618 Gallia
1390 2564 1536 2634 quondam,
1552 2555 1589 2608 Ηί-

435 2651 540 2721 spania,
557 2666 587 2702 ae
603 2651 754 2719 praesertim
769 2650 906 2704 Britannia
921 2653 1058 2721 plerosque
1075 2653 1190 2704 tenuisse
1207 2656 1333 2704 testantur
1348 2650 1450 2714 Bedae,
1468 2639 1589 2716 sigeberti

434 2752 466 2789 ae
476 2740 636 2788 caeterorum
647 2736 752 2804 scripta.
769 2736 834 2789 Vide
845 2738 972 2807 imprimis
982 2736 1080 2790 Beduru
1092 2739 1108 2790 l.
1118 2755 1146 2792 ιι.
1158 2737 1227 2790 Eccl.
1238 2737 1304 2789 Hist.
1317 2753 1338 2789 c.
1347 2755 1395 2798 in,
1407 2741 1433 2787 et
1444 2736 1463 2790 l.
1471 2753 1496 2788 v.
1509 2748 1531 2784 e.
1541 2743 1587 2782 avt

434 2821 503 2874 Tum
511 2836 578 2889 quae
586 2819 620 2872 ad
628 2819 802 2890 Nicephorum
811 2828 871 2875 ante
880 2837 977 2892 paucos
987 2837 1070 2876 annos
1080 2823 1270 2877 adnotavimus.
1288 2822 1437 2874 Postremus
1448 2821 1481 2873 de
1491 2811 1589 2872 celebri·

433 2912 488 2958 tate
502 2904 632 2975 paschatis
644 2921 714 2957 error
725 2905 876 2959 Latinorum
891 2907 954 2972 tuit,
973 2909 1018 2977 qui
1034 2925 1094 2961 oum
1110 2909 1136 2961 in
1153 2908 1261 2962 caeteris
1276 2907 1418 2961 Nicaeuum
1430 2917 1557 2959 monem
1567 2899 1589 2948 tl

434 2990 587 3045 catholicam
597 2991 717 3060 regulam
727 2992 907 3056 observarent,
920 2992 1025 3046 ludaico
1037 2999 1123 3047 umen
1136 2995 1188 3046 ritn
1200 2993 1317 3046 citimum
1328 2993 1468 3046 terminum
1480 2993 1588 3042 mteuer·

433 3081 517 3130 tentes
533 3077 611 3147 primi
626 3077 723 3129 mensis
743 3079 908 3131 neomeniam
923 3097 947 3133 v.
965 3079 1052 3132 Martii
1067 3079 1272 3144 constituebant,
1289 3093 1319 3132 ae
1336 3078 1400 3131 duos
1418 3091 1504 3130 annos
1525 3085 1588 3124 com·

433 3178 526 3216 munes
543 3161 689 3227 habebant,
704 3179 770 3233 quoa
785 3165 878 3235 reliqui
894 3165 1099 3228 embolismioos3
1116 3165 1239 3218 nimirum
1256 3163 1328 3232 cyclo
1340 3181 1397 3219 vnn
1413 3179 1444 3216 ae
1457 3179 1514 3216 m.
1543 3151 1588 3208 Ad·

433 3265 524 3304 versus
542 3265 607 3319 quos
624 3266 766 3320 eorumque
782 3251 938 3320 signiferum
955 3251 1113 3305 Victorinum
1130 3251 1244 3320 disputat
1259 3249 1331 3303 Beda
1348 3266 1400 3302 non
1416 3265 1469 3302 uno
1486 3244 1586 3300 inloto·

432 3335 518 3405 Atque
528 3336 579 3388 etsi
588 3336 652 3388 luna
660 3353 713 3390 mv.
724 3353 912 3408 nonnunquam
924 3338 967 3390 isti
978 3336 1075 3407 pascha
1083 3335 1212 3389 dominico
1225 3335 1266 3389 die
1277 3336 1448 3400 celebrarent,
1459 3339 1587 3399 nisuquem

331 3438 406 3489 asna
431 3426 521 3473 minen
532 3427 593 3475 ante
608 3423 813 3492 aequinoctium:
831 3423 902 3491 quod
918 3422 1007 3475 Iudaei
1022 3421 1188 3486 iaohubent,
1205 3427 1235 3475 nt
1250 3421 1313 3474 alibi
1329 3420 1436 3474 dicetur.
1467 3417 1521 3472 Sed
1531 3413 1588 3466 haee

433 3520 500 3574 quae
515 3505 548 3559 de
562 3507 662 3560 Latinis
678 3507 761 3560 obiter
775 3507 871 3560 iniecta
887 3513 961 3560 suut:
978 3507 1100 3560 nimirum
1116 3523 1161 3559 eos
1177 3523 1364 3576 nonnunquam
1380 3502 1478 3575 pascha
1494 3499 1587 3556 lecina

433 3597 526 3658 quarta
541 3591 605 3644 luna
618 3592 764 3660 peregisse,
779 3592 899 3644 motione
915 3607 946 3644 ao
961 3591 1125 3644 &nuntiem
1141 3609 1206 3662 opus
1222 3591 1327 3645 habent
1349 3591 1453 3660 Duplex
1464 3589 1536 3643 euim
1545 3583 1587 3636 ht·

432 3674 546 3728 tiuorum
557 3676 598 3728 vel
609 3692 700 3728 eorum
710 3681 783 3728 secta
793 3676 844 3728 tute
854 3677 900 3744 qui
910 3693 970 3730 cum
982 3676 1112 3730 dominico
1124 3677 1169 3730 diu
1180 3676 1277 3748 pascha
1288 3676 1457 3740 conticerent,
1474 3692 1492 3728 a
1508 3669 1587 3728 cetto·

432 3759 488 3812 licis
505 3758 674 3813 nihilominus
690 3761 880 3830 discrepabant.
904 3761 972 3814 Nam
988 3763 1033 3815 alii
1044 3781 1096 3815 arv.
1113 3762 1188 3826 luna,
1206 3763 1229 3815 si
1245 3762 1273 3815 iu
1289 3761 1448 3815 dominicum
1462 3757 1587 3814 incideret
1615 3765 1616 3780 ¹

433 3845 576 3898 celebritati
585 3847 721 3899 vacabant.
743 3846 795 3898 Alii
805 3846 911 3900 nonnisi
922 3847 1024 3900 decima
1035 3853 1111 3900 sexta
1122 3849 1196 3912 luna3
1214 3863 1279 3917 quoa
1292 3847 1393 3918 proprie
1405 3845 1512 3899 Latinos
1524 3839 1587 3896 Beda

432 3936 460 3984 et
470 3931 599 3984 Victorius
615 3932 754 4002 appellant.
784 3931 900 3994 Quorum
912 3932 1034 3986 doctriua
1051 3933 1161 3986 breuiter
1176 3933 1225 3986 hoe
1241 3933 1298 3987 loco
1316 3931 1470 3986 declaranda
1484 3929 1586 3984 ridetur.

431 4015 584 4070 Latinorum
594 4017 676 4085 igitur
685 4019 750 4071 ritus
761 4018 789 4070 in
800 4017 957 4086 quibusdam
968 4035 1028 4072 cum
1036 4017 1218 4072 Alexandrinis
1230 4019 1414 4083 conveniebat,
1425 4019 1452 4071 iu
1464 4017 1523 4070 aliis
1534 4023 1588 4066 aero

433 4101 575 4156 differebat.
600 4100 778 4172 Oongrnebat,
795 4107 923 4173 quatenus
939 4121 993 4158 uon
1008 4105 1058 4158 alio
1075 4105 1117 4158 die
1134 4121 1214 4175 quarn
1229 4105 1358 4158 dominico
1373 4101 1471 4175 pascha
1482 4099 1586 4156 celebra·

432 4189 505 4252 baut,
516 4191 573 4240 tum
581 4187 652 4255 quod
659 4203 794 4257 uunquam
802 4187 865 4241 luna
872 4207 935 4252 xiv,
947 4191 1113 4258 quantumvis
1122 4189 1266 4243 dominicus
1276 4190 1302 4242 in
1314 4205 1372 4242 eam
1381 4189 1435 4243 diss
1444 4185 1586 4242 intonent

432 4271 575 4326 Differebat
590 4287 651 4324 raro
671 4273 797 4341 primum,
820 4275 945 4344 quoniam
966 4275 1070 4328 illorum
1092 4274 1227 4346 paschales
1251 4275 1404 4328 neomeniae
1426 4289 1458 4326 ao
1479 4273 1586 4327 recino

433 4363 541 4427 quartae
551 4355 679 4410 Nicaeuaa
695 4361 904 4424 antevertebaut,
920 4359 948 4411 in
963 4361 1042 4428 cyclis
1057 4360 1172 4424 duobus,
1188 4375 1281 4428 nempe
1293 4377 1348 4418 arx.
1360 4365 1387 4412 et
1397 4377 1466 4423 vnn,
1478 4359 1525 4428 qni
1535 4354 1587 4410 Ale·

432 4442 567 4497 xandriuia
582 4443 749 4496 embolimaei
764 4443 881 4509 inerunt,
898 4444 998 4498 Latinis
1015 4461 1176 4499 communes.
1210 4443 1413 4514 Respondebant
1428 4445 1497 4497 enim
1516 4438 1586 4512 cyclis

431 4525 584 4581 Latinorum
595 4546 648 4582 rvr.
661 4535 687 4582 et
698 4547 723 4582 v.
747 4527 899 4582 Latinorum
909 4529 992 4582 Niaan
1004 4531 1077 4598 cyclo
1089 4529 1202 4582 Nicaeno
1215 4547 1269 4582 arx.
1288 4529 1379 4599 qniuto
1390 4529 1479 4583 Martii
1495 4523 1585 4582 mansit

431 4612 535 4666 initium
546 4611 646 4670 habuit
670 4614 749 4683 Cyclo
765 4619 853 4667 autem
868 4620 960 4668 octavo
973 4613 1099 4679 Nicaeno,
1116 4613 1267 4668 Latinorum
1284 4615 1389 4685 quinto,
1409 4613 1491 4668 Nisam
1506 4606 1587 4668 Mutii

432 4716 468 4751 ιι.
478 4700 651 4769 congruebat,
668 4700 713 4770 qni
728 4698 783 4751 dies
797 4705 872 4754 extre
882 4697 1031 4768 paschalem
1042 4698 1277 4752 Alexandrinorum
1287 4701 1429 4754 termulum
1440 4699 1585 4752 consistunt

431 4783 571 4854 Propterea
586 4786 614 4838 in
628 4786 705 4838 annis
714 4785 767 4838 illis
777 4783 864 4838 Latini
875 4801 927 4838 uno
941 4799 1029 4838 mense
1041 4781 1138 4853 pascha
1148 4783 1293 4838 Nicaenum
1303 4785 1488 4855 anticipabant.
1511 4783 1586 4853 Igitur

331 4898 354 4938 p.
362 4888 407 4930 tet.
431 4869 584 4924 neomeniae
593 4868 729 4939 paschales
740 4868 892 4924 Latinorum
903 4885 920 4924 a
931 4888 956 4924 v.
968 4869 1056 4926 Martii
1067 4868 1100 4922 ad
1110 4887 1139 4926 tn
1149 4868 1245 4941 Aprilis
1256 4887 1350 4925 novem
1362 4877 1388 4924 et
1399 4869 1492 4939 uiginti
1503 4868 1585 4924 debut
