3650 5642
422 605 471 663 XL

421 763 476 814 tur:
492 755 677 815 sedllebreica
687 775 704 812 a
714 775 768 812 xxx
786 757 934 813 senioribus
946 759 1100 831 discrepant
1139 763 1178 852 up
1195 731 1255 849 *Pb
1267 763 1305 848 'tp
1322 730 1386 830 ’ΝΒ
1404 763 1446 821 'G
1462 761 1523 834 '¹22
1533 763 1568 820 a!

423 850 491 908 :nv
503 850 572 910 Wi
585 849 640 906 Dii
654 850 724 909 'l’l’l
739 807 810 936 ips,
825 849 993 916 pracceptum
1004 845 1037 898 ad
1050 851 1228 916 praeceptum,
1240 861 1299 916 spes
1310 845 1341 898 ad
1352 860 1439 915 spem,
1450 849 1497 899 etc.
1518 845 1568 897 Yet:

421 931 524 984 Munda
535 931 676 993 remanda,
688 938 806 999 expecto,
817 940 966 1000 reexpectef
983 930 1051 1000 quod
1063 930 1094 984 de
1106 931 1233 1000 sacrilega
1242 930 1343 984 mimesi
1355 945 1385 982 ac
1397 929 1526 983 dicacitate
1535 929 1569 982 lu·

423 1018 547 1070 dacorum
558 1016 742 1086 interpretatur
752 1013 937 1085 Hieronymus.
955 1016 990 1069 nt
1000 1033 1061 1070 uu.
1074 1015 1152 1086 θλίψις
1165 1013 1203 1068 inl
1220 1015 1307 1087 θλίψιν,
1319 1012 1384 1076 aar<
1396 1013 1435 1067 ἐπ’
1446 1013 1532 1082 ἐλπίδι,
1543 1012 1570 1065 ἔτι

423 1101 518 1174 μικρὸν,
531 1097 566 1153 ἔτι
575 1101 672 1170 μικρόν.
687 1099 814 1154 Videntur
825 1105 875 1162 'w
886 1117 933 1172 pro
946 1105 988 1162 w.
999 1101 1102 1171 legisse.
1122 1099 1175 1154 Nec
1185 1101 1243 1154 ideo
1254 1100 1414 1156 accusandus
1425 1106 1465 1154 est
1474 1099 1571 1171 Epipha-

424 1187 494 1252 nius,
505 1192 536 1240 ut
547 1203 564 1239 a
575 1185 664 1239 nescio
677 1201 729 1255 quo
740 1184 840 1238 Gutum
850 1191 902 1251 est,
915 1185 990 1257 quasi
1000 1185 1125 1240 Hebraico
1136 1187 1263 1240 nescierit.
1279 1184 1405 1240 Hebraiea
1415 1191 1446 1240 ut
1456 1191 1525 1240 eraut
1534 1201 1571 1238 er·

422 1272 526 1343 scripsit
535 1271 594 1335 ille,
605 1275 662 1324 turn
674 1271 707 1323 ad
719 1271 826 1341 singula
836 1271 964 1325 vocabula
974 1270 1099 1326 Graecam
1110 1272 1347 1343 interpretationem
1358 1271 1485 1342 adiunxit,
1498 1271 1572 1324 cnius-

423 1357 496 1411 modi
507 1357 535 1410 in
546 1356 657 1410 ecclesia
667 1357 766 1428 passim
777 1356 895 1410 exaudiri
906 1357 1019 1422 solebat,
1031 1363 1057 1411 et
1068 1356 1232 1428 ἑρμηνεύεται,
1249 1357 1328 1422 dixit,
1338 1356 1386 1410 hoc
1397 1362 1439 1410 est
1448 1358 1485 1409 ita
1496 1373 1571 1410 surr.

422 1443 546 1498 redditur.
581 1441 656 1507 Quod
672 1447 761 1496 autern
775 1442 846 1495 idem
858 1439 905 1495 ‘ille
925 1447 1025 1509 censet,
1045 1442 1186 1496 Nicolaitae
1201 1443 1369 1515 impurissimi
1385 1441 1427 1495 dei
1438 1443 1573 1496 suiacum

422 1527 590 1598 Καολαοκαθχ
598 1545 613 1581 e
620 1527 794 1581 Psalmxxrx
801 1528 953 1598 sumpsisse,
961 1527 1008 1581 ubi
1016 1529 1053 1581 ita
1061 1529 1186 1599 seriptum
1194 1535 1235 1582 est
1243 1532 1321 1590 nnn
1333 1497 1462 1615 §upaox
1471 1528 1573 1590 robusta,

422 1629 453 1666 ac
463 1627 599 1684 perperam
609 1612 784 1684 Epiphaniam
795 1629 830 1666 ex
840 1611 910 1666 isaia
920 1613 1098 1678 transtulisse,
1117 1611 1182 1667 milri
1193 1629 1245 1668 uon
1256 1614 1355 1684 probat.
1381 1611 1449 1666 Nam
1460 1613 1509 1666 illis
1519 1613 1573 1682 ipsis
1615 1675 1616 1678 Ἴ

423 1698 509 1752 Isaiae
519 1699 606 1752 verbis
618 1699 714 1752 abusos
725 1697 870 1752 haereticos
882 1699 957 1752 testis
969 1705 1009 1752 est
1019 1699 1136 1764 Hieron,
1148 1699 1222 1752 cuius
1233 1697 1297 1752 lraeo
1308 1699 1387 1752 rerba
1397 1705 1471 1752 sunt:
1489 1699 1575 1766 liteque

423 1785 508 1837 cerdis
526 1785 598 1837 abuti
612 1785 675 1839 solet
689 1785 889 1836 immundissima
906 1783 1021 1838 luerem
1038 1787 1109 1854 apud
1123 1785 1250 1854 simplices
1262 1802 1367 1854 quosque
1378 1793 1453 1854 utque
1464 1787 1574 1852 <deceptos³
1615 1785 1616 1858 l

423 1881 451 1923 ut
462 1879 583 1923 umorem
589 1873 682 1939 jaciat
692 1873 802 1922 nouitate
812 1887 966 1934 εειινιοιιιιιινς
983 1871 1048 1941 quod
1062 1871 1161 1922 scilicet
1172 1873 1215 1938 pn·
1225 1869 1289 1922 daec
1300 1871 1378 1922 cerba
1390 1873 1543 1938 ecynooen't,
1556 1879 1576 1918 er
1615 1865 1616 1888 ί

423 1959 451 2007 e'n
463 1960 530 2008 coitu
549 1973 635 2008 comen
650 1958 802 2018 meminerit,
819 1955 912 2024 abapue
928 1956 983 2007 ullo
999 1955 1154 2008 dubitabisne
1172 1963 1287 2008 ίναιεεεαί
1304 1957 1341 2008 ud
1356 1973 1438 2022 reone
1456 1956 1576 2008 coctorum.

423 2040 528 2094 Nicstae
544 2041 591 2094 lib.
604 2057 622 2095 r.
635 2037 762 2094 Thesauri
771 2037 913 2094 Nicolaitae
929 2040 1020 2096 scribit
1029 2040 1168 2095 Prunicum
1184 2039 1319 2094 mulierem
1335 2045 1362 2094 et
1374 2039 1531 2094 Gauloucam
1540 2053 1575 2091 re

424 2129 529 2180 ueratos
541 2141 607 2179 esse.
1615 2133 1616 2180 r

586 2261 632 2317 AD
652 2261 826 2317 munuum
841 2263 955 2330 xxvi,
976 2263 1065 2329 Quen
1085 2263 1148 2318 EST
1169 2261 1419 2318 GNOSTIGORUN.

493 2381 678 2438 Gnosticorum
695 2384 847 2456 appellatio,
863 2399 944 2454 quam
959 2384 1129 2455 impurissimi
1144 2383 1331 2438 haereticorum
1346 2389 1515 2453 usurparunt,
1530 2381 1576 2434 exi-
1615 2383 1616 2448 l

424 2469 509 2524 mium
520 2469 650 2539 quendam
666 2474 745 2540 etque
762 2469 923 2540 exquisitum
938 2470 1019 2522 animi
1030 2475 1127 2523 statum
1138 2485 1168 2523 ac
1181 2470 1324 2524 sanctitatis
1341 2469 1485 2538 significat,
1504 2474 1532 2521 ut
1549 2483 1577 2519 ex
1615 2457 1616 2528 l

426 2554 602 2610 Alexandrino
612 2553 744 2608 Clemente
756 2555 867 2625 ubisque
879 2555 1001 2626 colligere
1010 2556 1077 2611 licet.
1094 2554 1161 2608 Nom
1173 2555 1242 2626 apud
1253 2555 1327 2608 illum
1337 2573 1354 2610 ι.
1367 2553 1479 2624 Paedag.
1490 2570 1577 2624 capu.
1615 2545 1616 2600 ί

425 2644 593 2710 opponuntur
604 2638 627 2690 ol
645 2639 779 2692 Γνωοτινιολ
795 2643 847 2701 τοῖς
866 2640 1002 2711 Ψυχικοῖς,
1014 2647 1041 2696 et
1051 2640 1211 2711 Πνευματινιολ
1222 2647 1354 2694 uocantur.
1381 2637 1434 2691 Οὔκ
1452 2637 1499 2711 ἄρα
1510 2637 1532 2690 cl
1542 2635 1578 2707 pb
1615 2647 1616 2698 l

424 2723 570 2792 Γνωατικολ,
588 2723 610 2776 ol
627 2723 653 2776 θλ
667 2724 776 2794 turpant
787 2723 812 2776 du
825 2724 894 2796 αὐτῷ
905 2729 943 2796 τῷ
955 2725 1041 2796 λόγῳ,
1059 2723 1115 2778 ἀλλ’
1128 2724 1151 2778 ol
1167 2724 1253 2787 πάντες
1265 2723 1408 2796 ἀποθέμενοι
1418 2723 1461 2785 τὰς
1473 2723 1578 2795 supernis
1615 2715 1616 2778 ί

424 2807 551 2878 ἐπιθυμίας
566 2809 616 2861 ἴσοι
631 2809 672 2862 καὶ
683 2809 845 2879 Πνεινματινιολ
861 2809 929 2882 παρὰ
940 2815 977 2882 τῷ
990 2811 1073 2882 κυρίῳ.
1101 2811 1152 2865 Sed
1163 2811 1191 2865 in
1205 2812 1263 2865 aliis
1274 2810 1443 2881 deceptrices
1459 2811 1542 2874 libris,
1557 2815 1579 2860 et
1615 2805 1616 2866 ί

424 2894 554 2963 imprimis
566 2911 613 2948 νιν.
625 2893 657 2946 de
670 2893 802 2948 Gnosticis
813 2901 841 2948 et
851 2899 973 2966 γνωστικῇ
986 2894 1084 2967 δυνάμει
1095 2897 1212 2968 pluribus
1225 2897 1352 2967 disputat;
1369 2896 1442 2949 cuius
1460 2895 1515 2967 τρία
1529 2909 1579 2948 esse
1615 2925 1616 2972 ρ

425 2978 487 3031 dicit
497 2975 696 3050 ἀποτελέσμαται
712 2980 836 3033 nimirum
850 2980 880 3032 τθ
897 2981 1022 3051 γινώσκειν
1039 2981 1070 3034 τὰ
1085 2981 1231 3053 πράγματα,
1248 2982 1358 3052 δεύτερον
1374 2979 1402 3033 rb
1419 2979 1533 3035 ἐπιτελεῖν
1549 2977 1580 3031 ὅτι
1615 3007 1616 3024 ι

425 3063 453 3116 ἂν
466 3060 479 3115 ὁ
492 3062 567 3134 λόγος
580 3063 732 3136 ὑπαγορειίῃ,
744 3063 785 3116 καλ
797 3064 876 3135 τρίτον
887 3065 916 3118 πθ
929 3067 1089 3137 παραδιδόναι
1101 3067 1217 3120 δύνασθαι
1228 3067 1366 3138 θεοπρεπῶς
1376 3066 1405 3118 τὰ
1414 3067 1518 3138 παρὰτῆ
1528 3065 1580 3129 ἄλη·
1615 3031 1616 3118 ί

425 3148 477 3220 θείᾳ
489 3147 689 3221 ἐπικεκρυμμένα
715 3149 800 3215 Quare
814 3149 933 3206 Gnostici
950 3159 1012 3206 suut
1026 3151 1145 3208 homines
1160 3153 1275 3224 perfecta
1291 3169 1321 3206 ao
1337 3153 1464 3223 singulari
1476 3152 1580 3224 quadan
1615 3141 1616 3186 1

423 3235 519 3289 virtuts
530 3251 562 3289 ac
578 3235 725 3291 Gunarnm
739 3253 827 3291 rerum
843 3238 953 3292 scientia
968 3239 1090 3310 praediti,
1110 3255 1158 3292 nec
1175 3253 1205 3292 ea
1222 3238 1326 3310 quidem
1343 3239 1456 3308 vulgari,
1477 3239 1523 3292 sed
1541 3237 1580 3289 ab·

425 3323 706 3378 suasoscrccondita
731 3322 805 3377 Unde
816 3324 1021 3394 qniaNicolac,
1038 3323 1150 3378 Basilide
1162 3325 1320 3396 caeterisque
1330 3325 1468 3396 propagati
1479 3337 1580 3378 maenas

425 3408 553 3476 quasdem
564 3424 649 3478 ungas
661 3414 689 3462 et
704 3409 850 3462 execranda
865 3411 954 3464 neseio
971 3425 1037 3480 qnae
1052 3410 1191 3479 figmenta,
1209 3410 1281 3463 velut
1296 3411 1432 3480 mysteria,
1448 3410 1580 3468 traderent,
1615 3393 1616 3472 J

425 3491 579 3553 Γνωατικοθς
592 3510 620 3546 se
633 3494 666 3546 ab
679 3495 810 3563 exquisita
820 3495 865 3547 illa
876 3511 963 3548 rerum
975 3493 1160 3548 altissimarum
1172 3495 1266 3548 notitia
1277 3495 1326 3549 dici
1336 3496 1481 3548 uoluerunt
1499 3495 1581 3562 nugn·
1615 3547 1616 3564 ,

424 3576 521 3629 Ninus:
542 3578 659 3630 Gnostici
664 3587 774 3647 propter
785 3579 959 3631 excellentium
974 3583 1096 3632 amentius
1108 3584 1146 3633 aie
1157 3599 1184 3634 ac
1193 3583 1339 3652 ¹appellatos
1350 3599 1402 3634 erae
1410 3583 1450 3633 cel
1458 3579 1582 3651 appellari
1615 3593 1616 3622 1

424 3661 539 3713 deduiaoe
551 3663 704 3728 ebriantur.
729 3662 805 3731 Apud
817 3661 951 3717 Souatem
962 3663 1007 3717 lib.
1020 3681 1053 3716 rr.
1066 3680 1122 3735 cop.
1134 3683 1221 3731 reru,
1233 3667 1298 3720 alias
1310 3663 1359 3736 ιβ’,
1370 3666 1537 3736 corrigendus
1548 3665 1582 3716 irr-
1615 3677 1616 3688 ¹

425 3749 537 3816 terprcs,
554 3747 600 3815 qui
617 3745 686 3816 quod
697 3746 825 3818 Euagrius
842 3747 874 3800 de
891 3748 990 3819 insigni
1006 3749 1119 3819 quodam
1135 3751 1262 3806 monacho
1281 3753 1419 3823 sculpserat
1432 3751 1465 3804 ad
1476 3751 1582 3805 Mariam
1615 3793 1616 3806 ,

330 3857 352 3896 ρ.
365 3844 397 3887 θα
423 3830 511 3884 laeum
521 3830 669 3886 habitante:
687 3835 810 3901 προςοιιεέί
821 3831 848 3884 bl
859 3833 921 3903 αὐτῇ
934 3834 1043 3904 μοναχος
1055 3837 1097 3900 τῆς
1109 3837 1265 3907 παρεμβολῆς
1277 3840 1327 3890 τῶν
1337 3837 1481 3890 Γνωστικῶν
1494 3834 1509 3888 θ
1521 3837 1582 3888 δοκι-
1615 3833 1616 3838 ’

426 3914 554 3987 prienaee,
570 3917 608 3970 ita
618 3917 708 3970 vertit:
726 3917 761 3969 In
778 3935 809 3970 ee
822 3919 960 3971 monachus
971 3937 1001 3972 ex
1012 3928 1082 3972 secta
1096 3921 1270 3976 Gnosticorum
1281 3927 1322 3975 uir
1333 3927 1530 3992 spectatissimus
1540 3921 1582 3972 bn·
1615 3907 1616 3968 ί

426 4002 526 4053 citauit.
543 4001 659 4058 Fallitur.
686 4001 776 4073 Neque
788 4003 858 4056 euim
869 4020 903 4056 ex
915 4009 969 4057 tarn
981 4005 1083 4075 impura
1095 4013 1166 4060 secta
1176 4007 1314 4062 laudabilis
1326 4023 1357 4062 sc
1367 4008 1464 4078 probus
1474 4008 1582 4060 existere
1615 4037 1616 4040 =

424 4085 567 4140 monachus
579 4088 677 4156 potuit,
693 4104 778 4159 neque
790 4088 822 4141 de
832 4089 972 4143 virtuibus
984 4095 1038 4144 taur
1050 4093 1179 4162 exquisite
1191 4093 1329 4164 disputare.
1355 4093 1439 4158 Quare
1451 4091 1582 4148 Γνωστοιθε
1615 4103 1616 4128 ³

424 4171 516 4226 eodem
527 4188 619 4236 sensu,
631 4189 682 4242 quo
695 4173 814 4228 Glemona
826 4191 890 4228 usus
902 4181 957 4240 est,
969 4180 995 4228 et
1005 4175 1132 4247 Euagrius
1144 4179 1214 4248 ipse,
1226 4181 1272 4249 qui
1282 4180 1377 4233 librum
1389 4195 1419 4232 eo
1430 4179 1536 4232 nornine
1547 4179 1581 4228 in·
1615 4165 1616 4196 ³

424 4259 573 4328 scripserat,
591 4257 756 4327 accipiendus
768 4264 819 4325 est,
836 4277 929 4331 nempe
943 4257 956 4312 ὅ
969 4261 1123 4323 καταξιωθελς
1135 4266 1177 4329 τῆς
1189 4263 1315 4333 γνώσεως,
1333 4265 1431 4318 eximia
1441 4264 1581 4316 divinarum

423 4359 510 4396 rerum
521 4343 631 4397 scientia
641 4343 781 4413 praeditus.
806 4345 893 4400 Redeo
910 4346 943 4399 ad
958 4345 1077 4400 haeresin
1090 4347 1284 4414 Gnosticorum,
1301 4365 1368 4419 quae
1384 4365 1438 4402 non
1455 4363 1509 4402 una
1525 4349 1581 4401 siur-

423 4428 536 4498 plexque
545 4429 606 4495 init,
618 4427 663 4481 sed
672 4428 786 4482 universi
794 4429 861 4496 iere,
874 4447 941 4501 quos
950 4431 1087 4486 fabulones
1096 4433 1259 4503 Augustinus
1268 4439 1356 4498 vocet,
1369 4437 1468 4505 quique,
1480 4439 1510 4487 ut
1518 4433 1582 4487 idem

424 4513 589 4582 ait,jabulca
599 4533 695 4580 conas,
712 4532 803 4584 easque
814 4517 905 4585 denyse
916 4528 941 4570 et
948 4519 1087 4588 perplexos
1099 4525 1288 4584 contexuerunt,
1304 4518 1486 4574 Gnosticorum
1499 4519 1581 4590 appel·

423 4599 520 4651 latione
532 4606 677 4655 censentur.
696 4598 856 4670 Epiphanius
867 4601 937 4655 inira
946 4599 1017 4656 haer.
1027 4620 1109 4667 rur,
1121 4602 1169 4656 sub
1181 4602 1293 4669 initium,
1304 4605 1395 4658 decern
1404 4604 1581 4659 Gnosticorum

424 4699 521 4753 genera
531 4685 606 4752 iacit,
622 4684 755 4739 atotidem
766 4685 870 4739 illorum
880 4693 1026 4758 propagata
1037 4687 1160 4753 ducibus,
1178 4703 1243 4758 quoa
1253 4690 1349 4760 partim
1361 4691 1453 4744 eodem
1463 4691 1508 4744 illo
1519 4691 1580 4752 loco,

424 4771 520 4840 partim
530 4770 632 4826 haeresi
642 4789 724 4825 xxvrr.
735 4789 762 4824 n.
772 4788 781 4824 r
792 4778 934 4842 percenset
963 4771 1031 4827 Sunt
1042 4779 1129 4826 autern
1140 4771 1179 4826 hi:
1197 4773 1288 4828 Simon
1299 4776 1450 4840 Menander,
1468 4775 1580 4830 Saturni·

423 4856 478 4924 lus,
494 4855 634 4924 Basilides,
651 4855 786 4924 Nicolaus,
802 4855 984 4928 Carpocrates,
995 4857 1160 4924 Valentinus,
1176 4857 1345 4927 colorbasus,
1360 4861 1538 4927 Ptolomaeus,
1556 4865 1580 4913 et
