3650 5642
1303 626 1381 683 00111

228 780 340 835 Primum
352 781 431 835 euim
441 781 473 835 de
482 781 628 835 libidinosis
640 785 667 833 et
675 782 894 835 incontinentibus
904 785 1012 850 rogatus
1029 781 1060 835 de
1075 782 1167 853 lapsis,
1182 780 1231 836 hoc
1247 786 1287 835 est
1301 781 1381 835 idolo·
1405 790 1481 843 cass.

229 868 298 919 latria
308 866 471 920 nominatim
483 866 586 920 decreta
599 866 703 937 profert
736 866 835 920 Deinde
851 882 910 919 cum
926 866 1112 936 poenitentiam
1128 867 1184 921 sine
1201 868 1382 921 communione

231 966 383 1005 concessam
396 952 502 1016 aurit,
517 968 569 1005 non
586 957 641 1004 um
655 952 724 1005 istud
739 952 773 1004 ad
788 952 893 1003 clinicos
909 966 989 1021 quam
1002 950 1035 1004 ad
1047 966 1223 1021 quoscumque
1234 956 1381 1021 peccatores

231 1038 325 1089 munet.
347 1037 435 1105 Atqui
443 1036 475 1090 de
482 1036 642 1090 moribundis
651 1036 779 1089 duntaxat
785 1036 963 1105 interrogabat
970 1034 1123 1105 Exuperius,
1135 1044 1162 1089 et
1172 1037 1246 1089 aliter
1257 1036 1381 1101 dubitare,

231 1120 337 1173 bominis
349 1126 413 1174 erat
423 1138 515 1192 pamm
526 1122 553 1174 in
565 1121 688 1174 ecclesiae
698 1121 790 1174 ritihus
802 1120 900 1173 eruditi
925 1119 1096 1184 Quamobrem
1107 1121 1245 1175 verisimile
1257 1128 1297 1175 est
1306 1120 1382 1175 Inno-

232 1206 339 1259 centium
348 1205 513 1276 hypothesin
523 1206 556 1259 sd
566 1205 673 1271 thesim,
690 1206 739 1260 hoc
751 1211 791 1259 ast
801 1207 949 1276 generalem
960 1204 1160 1275 disputationem
1172 1208 1382 1261 conhoversiam-

233 1307 276 1359 que
285 1306 430 1345 revocasse
441 1296 468 1344 et
479 1307 596 1345 caussm
608 1292 738 1356 attulisse,
749 1307 796 1344 cnr
807 1290 944 1361 aliquando
953 1290 1033 1343 tardis
1044 1290 1095 1343 illis
1106 1292 1309 1360 poenitentibus,
1321 1292 1383 1347 olim

233 1392 286 1429 sero
296 1376 381 1429 etiarn
394 1376 554 1447 quibuslibet
564 1377 713 1446 graviorum
723 1376 859 1430 criminum
870 1377 922 1429 reis
934 1376 1122 1429 communionis
1138 1392 1197 1447 spes
1212 1378 1329 1447 praecisa
1343 1378 1382 1433 iu-

233 1462 282 1513 erit.
302 1460 453 1525 Nimirum,
465 1478 516 1532 quo
526 1478 669 1532 mannum
679 1468 751 1515 metu
762 1462 791 1515 iu
801 1461 886 1515 nitido
898 1460 1037 1514 Christiani
1047 1461 1245 1526 continerentur,
1256 1464 1382 1535 principio

236 1546 416 1599 communione
433 1545 577 1616 prohibitos
594 1546 755 1617 capitalium,
775 1546 815 1599 uti
831 1546 899 1611 dixi,
916 1547 1042 1599 scelernm
1058 1546 1186 1611 conscios,
1202 1562 1250 1599 nec
1267 1564 1383 1619 nnuman

234 1632 281 1682 siae
291 1631 455 1695 incolumes,
467 1632 522 1685 sive
533 1630 711 1696 moribundos,
726 1631 850 1685 ecclesiae
860 1632 1002 1685 restitutos.
1037 1630 1131 1685 Postea
1141 1646 1201 1685 uero
1212 1632 1328 1687 nondum
1338 1650 1382 1704 pe-

234 1716 296 1768 nitus
307 1716 458 1770 constituis
467 1732 531 1786 pace
541 1718 724 1786 poenientians
734 1716 839 1786 quidem
849 1716 901 1769 illia
912 1732 944 1769 ac
960 1716 1167 1769 communionem
1182 1716 1321 1782 indultam,
1338 1719 1383 1787 qni

234 1808 327 1854 mamre
336 1801 373 1855 ad
383 1817 447 1855 um
457 1801 595 1881 petendam
608 1802 790 1863 accessissent,
807 1801 915 1855 caeteris
931 1802 958 1855 in
974 1808 1127 1872 perpetuum
1142 1801 1251 1855 reiectis.
1285 1805 1322 1856 Ac
1336 1818 1383 1873 po·

235 1892 320 1939 memo
331 1887 439 1957 pacatis
451 1887 573 1940 ecclesiae
582 1887 660 1940 rebus
668 1886 746 1940 edam
754 1886 878 1940 tardiores
885 1886 945 1939 illos
954 1887 1065 1940 instante
1073 1886 1126 1939 iam
1135 1890 1217 1941 morte
1225 1889 1383 1941 communio·

237 1986 288 2023 nen
297 1972 465 2042 impetrasse.
500 1971 560 2025 Tria
570 1970 634 2025 haec
645 1973 792 2025 necessario
803 1971 987 2041 distinguenda
997 1977 1059 2025 sunt
1069 1971 1193 2025 ecclesiae
1209 1978 1337 2043 tempora,
1354 1980 1383 2027 ut

239 2054 384 2110 Montes
395 2073 414 2109 a
426 2073 455 2110 se
465 2057 576 2111 invicem
587 2058 801 2127 graussimorum
811 2062 914 2127 patrum
926 2056 1077 2110 autoritates
1090 2056 1264 2111 concilientur.
1284 2056 1317 2111 lle
1328 2060 1383 2129 qui·

240 2138 288 2193 dens
298 2142 386 2211 prima
396 2142 447 2195 illa
456 2143 670 2213 severissimeque
681 2142 816 2213 discipline
827 2143 876 2195 sub
887 2141 1064 2211 apostolorum
1075 2146 1192 2211 tempora
1206 2149 1232 2195 et
1242 2143 1274 2197 ad
1285 2142 1383 2199 Tertul-

239 2224 292 2278 hsni
305 2226 360 2280 iere
376 2227 513 2281 saeculum
528 2228 652 2292 obtinuit,
672 2242 741 2302 quac¹
754 2242 771 2280 a
786 2225 932 2298 Zephyrion
943 2225 1079 2296 pontifice,
1100 2226 1168 2297 quod
1188 2228 1220 2281 ad
1240 2228 1383 2283 moechiam

242 2316 342 2379 oens,
352 2312 494 2383 paululum
504 2313 622 2366 relaxata
629 2312 751 2383 Cypriani
758 2313 918 2382 temporibus
928 2312 1038 2365 maiores
1051 2310 1083 2365 ed
1091 2311 1222 2367 lenitatem
1231 2328 1383 2383 progressus

241 2393 327 2449 habuit.
358 2396 424 2450 Fuit
442 2396 511 2449 enim
522 2398 664 2451 secundum
674 2398 738 2451 illud
748 2398 863 2450 manime
873 2404 976 2467 tempus
988 2412 1040 2466 qno
1051 2398 1152 2451 nullum
1163 2399 1262 2467 peccati
1272 2414 1355 2467 genus
1366 2416 1383 2453 s

241 2477 314 2533 bustu
323 2482 519 2535 communionis
530 2490 667 2553 exceptum
679 2488 730 2547 est,
741 2481 836 2535 sedita
845 2489 946 2547 tamen,
963 2484 986 2534 si
1001 2482 1142 2553 temporius
1158 2498 1187 2535 se
1202 2482 1235 2535 ad
1251 2484 1383 2553 poeniten-

241 2564 295 2618 tan
304 2567 473 2637 applicarent
507 2567 574 2621 Nam
583 2575 641 2621 tum
652 2584 709 2630 eos,
721 2567 767 2637 qni
776 2568 804 2621 in
816 2567 915 2620 obitum
926 2582 1009 2637 usque
1020 2566 1176 2636 proferrent,
1192 2569 1295 2637 peuitus
1306 2568 1383 2623 iuter·

241 2648 316 2703 clusos
326 2651 412 2705 luisse
424 2668 526 2707 censeo.
543 2652 658 2707 'landem
667 2668 727 2705 vero
738 2668 771 2705 ne
782 2652 838 2705 istis
850 2651 953 2721 quidem
965 2653 1055 2721 negari
1063 2652 1271 2707 communionem
1279 2653 1384 2723 placuit,

244 2750 292 2789 suns
301 2738 448 2791 instaurata
459 2739 582 2792 ecclesiae
593 2739 710 2791 libertate
721 2737 861 2808 plurimum
873 2736 904 2790 de
916 2738 1080 2807 antiquorum
1091 2738 1186 2791 rituum
1204 2740 1339 2793 severitate
1353 2754 1384 2793 ae

244 2818 324 2874 donna
333 2822 499 2877 decennem
525 2824 573 2877 Per
584 2822 648 2877 haec
657 2824 817 2877 incrementa
826 2823 964 2893 paulatim,
981 2828 1106 2893 quantum
1117 2824 1234 2889 arbitror,
1250 2822 1384 2893 disciplina

245 2909 362 2973 processit.
398 2906 490 2977 Neque
504 2914 591 2963 tamen
608 2909 693 2962 ubivis
703 2915 829 2962 terrarum
847 2916 874 2961 et
888 2908 917 2962 in
933 2908 1053 2962 omnibus
1069 2909 1184 2963 ecclesiis
1196 2908 1309 2962 moribus
1321 2907 1384 2962 haec
1458 2958 1463 2971 ,

246 2991 341 3045 subinde
351 3000 457 3064 recepta
469 2992 594 3056 videntur,
610 3000 706 3047 etcum
718 2994 785 3047 aliae
802 2994 859 3047 aliie
875 2994 950 3047 citius
968 2994 1149 3057 adscivissent,
1165 2995 1257 3047 veteris
1273 2994 1386 3048 instituti

248 3088 270 3125 ae
280 3078 422 3131 seueritatis
433 3079 558 3149 reliquiae
569 3094 648 3149 penes
664 3080 764 3149 aliquas
780 3078 824 3131 diu
840 3078 979 3131 admodum
994 3077 1150 3133 resederunt
1184 3078 1304 3133 Nondum
1315 3079 1385 3133 enim

247 3162 347 3226 geroni
357 3164 447 3233 aliqua
458 3164 603 3228 unctione,
620 3178 672 3234 qua
683 3180 772 3217 omnes
783 3164 906 3216 ecclesiae
917 3170 1072 3227 tenerentur,
1084 3178 1115 3216 ea
1126 3178 1166 3217 res
1179 3164 1319 3217 constituta
1329 3164 1384 3219 iue-

247 3251 289 3308 rat,
304 3255 348 3301 ant
363 3249 437 3302 illam
454 3254 523 3302 certe
538 3248 636 3302 tardius
653 3250 767 3319 regionis
785 3248 893 3301 alicuius
913 3247 1072 3301 consuetudo
1092 3254 1170 3317 atque
1190 3264 1253 3301 usus
1273 3248 1383 3303 admisit.

249 3326 318 3390 Quem
327 3334 355 3386 in
365 3350 423 3387 sem
434 3332 499 3387 iacit
509 3333 631 3405 Cypriani
642 3334 738 3387 dietum
748 3332 813 3387 illud
824 3333 904 3404 Epist
917 3332 949 3385 ad
962 3334 1054 3387 Antcn.
1078 3332 1113 3385 Et
1124 3335 1221 3403 quidem
1234 3334 1304 3403 opud
1314 3343 1383 3387 oute·

250 3430 344 3469 cessores
353 3428 454 3472 costros
464 3421 566 3488 quidone
577 3421 608 3472 dc
620 3424 744 3489 episcopis
754 3424 813 3472 s'atic
822 3423 848 3471 a'u
856 3422 995 3489 prociocsh
1007 3426 1093 3483 posco
1103 3420 1311 3488 duadompnceas
1321 3436 1383 3471 moo-

251 3498 294 3550 ece
308 3520 352 3555 ana
365 3513 533 3574 potaverunt,
550 3513 576 3556 et
590 3508 618 3556 in
634 3513 708 3557 totam
719 3509 890 3575 poenitentiae
900 3506 980 3557 iocum
992 3512 1081 3557 contro
1094 3504 1222 3557 adulterio
1233 3504 1383 3568 clauseram,

251 3600 289 3635 sos
296 3596 375 3640 sones
384 3588 418 3641 ab
428 3592 600 3659 epsicoporum
607 3607 706 3642 mosum
719 3592 822 3658 callepio
829 3598 992 3642 censuerunt.
1009 3588 1079 3642 Haec
1091 3588 1132 3641 ille
1144 3588 1315 3643 Novatisuum
1327 3606 1384 3661 per·

251 3670 377 3741 stringens,
389 3673 459 3743 qnod
471 3673 504 3727 ad
514 3674 721 3745 intempestivam
732 3675 760 3727 in
771 3675 859 3744 lapsos
870 3668 1057 3737 crudelitatem,
1071 3674 1138 3744 quod
1149 3675 1256 3728 minime
1267 3691 1384 3729 necessa·

251 3753 305 3808 rium
315 3765 381 3824 crat,
392 3758 528 3812 Milium
536 3759 711 3825 adiunxisset,
722 3776 782 3813 cum
793 3759 890 3829 adcqni
901 3758 932 3812 de
942 3760 1022 3830 lapsis
1035 3760 1104 3829 quod
1112 3760 1188 3813 uellet
1196 3760 1315 3830 privatim
1326 3777 1383 3815 sen·

251 3838 289 3891 ¹510
301 3845 423 3911 potnerit,
439 3861 488 3897 nec
505 3844 538 3897 ab
555 3844 679 3898 ecclesiae
696 3844 819 3898 societate
836 3844 929 3897 divelli.
965 3842 1036 3907 Quod
1055 3844 1086 3897 de
1103 3845 1260 3899 Tertulliano
1281 3845 1384 3916 perinde

252 3928 414 3996 nummum
425 3936 493 3993 erat,
505 3930 529 3982 si
539 3935 594 3983 tam
604 3931 654 3983 ista
666 3946 743 3999 qnam
754 3928 912 3982 Novatianus
925 3928 1048 3983 hactenus
1059 3928 1237 3999 procederent,
1252 3934 1282 3983 ut
1297 3932 1384 4001 lapsos

252 4013 394 4067 reconciliari
404 4031 458 4067 non
475 4020 591 4084 oportere
608 4014 732 4078 dicerent,
748 4030 801 4067 non
817 4020 902 4067 sutem
913 4014 1005 4067 reniae
1016 4013 1166 4066 tribuendae
1177 4014 1219 4067 ius
1231 4015 1264 4067 ab
1276 4016 1384 4069 ecclesis

253 4106 341 4159 pteram
351 4099 555 4164 abiudicaesent3
567 4114 646 4169 qnam
658 4101 691 4152 ob
701 4114 819 4152 caussam
828 4097 919 4151 merito
928 4104 1052 4167 unquam
1061 4096 1182 4151 haeretici
1191 4098 1305 4153 damnati
1317 4104 1384 4158 sunt.

253 4174 358 4236 [ansam
370 4200 405 4236 ex
415 4184 518 4238 illorum
529 4200 650 4250 numero,
662 4182 731 4254 quod
738 4184 849 4253 spissius
860 4200 890 4236 ac
901 4183 999 4236 tardius
1011 4182 1038 4233 in
1050 4196 1107 4234 eam
1118 4183 1251 4237 lenitatem
1262 4184 1384 4237 infractos

254 4278 298 4316 ὅδε
308 4266 431 4334 diximus,
442 4269 626 4339 hispanienses
638 4270 761 4323 ecclesiae
772 4275 850 4338 atque
860 4268 988 4321 mtistitce
999 4268 1129 4320 recenseri
1140 4268 1244 4333 debent,
1256 4284 1321 4337 quos
1332 4282 1384 4319 nou
1409 4293 1431 4333 p.
1440 4280 1484 4323 sas.

254 4351 323 4418 mgis
333 4370 412 4424 quarn
424 4360 537 4408 caetems
550 4371 652 4420 omnes,
668 4354 783 4424 adeoque
799 4354 934 4407 ecclesiam
950 4352 1023 4405 initio
1037 4356 1119 4406 totam
1130 4359 1216 4407 tuetur
1227 4358 1384 4421 excusatque

254 4436 361 4499 pumex.
378 4440 444 4493 Volo
454 4438 1383 4509 enimInnocentiirerbaprudeneleotoranimaduertat,obses-notionem,

255 4522 496 4577 nocconnecnele'oem
503 4528 616 4594 priorem
628 4529 746 4589 aermnae,
763 4525 831 4594 quod
847 4522 878 4575 de
894 4522 1060 4592 provincialis
1076 4523 1169 4593 synodi
1184 4537 1283 4575 canone
1297 4536 1327 4573 ac
1341 4522 1384 4575 de-

256 4610 309 4658 ttetc
318 4624 482 4679 nequaquam
493 4610 599 4675 diceret,
616 4609 662 4662 sed
677 4610 708 4663 de
725 4626 755 4662 eo
767 4610 856 4677 utique
867 4608 918 4660 ritu
931 4607 975 4676 qui
986 4608 1066 4661 totius
1078 4608 1202 4661 ecclesiae
1213 4606 1259 4670 sit,
1275 4612 1320 4659 aut
1329 4623 1385 4661 ma-

257 4684 400 4747 besentun
412 4696 492 4765 pastis
504 4694 688 4749 cousuetudine
699 4700 826 4764 receptus.
858 4691 984 4755 Quocirca
995 4694 1126 4762 praeclare
1137 4692 1175 4756 id,
1188 4690 1256 4761 quod
1268 4694 1384 4763 superius

257 4774 351 4836 litim
361 4785 415 4844 eet,
426 4778 475 4833 hcc
485 4780 628 4833 innocentii
638 4779 814 4833 testimonium
827 4776 975 4840 confirmat,
987 4782 1108 4846 negatam
1118 4776 1239 4829 maximia
1248 4778 1385 4831 sceleribus

260 4855 306 4911 siin
315 4864 519 4919 communionem
530 4864 625 4929 tuisse,
643 4880 695 4933 qna
710 4870 801 4934 postea
811 4862 937 4932 permissa
947 4862 996 4915 soli
1007 4862 1045 4915 illi
1057 4861 1159 4931 excepti
1169 4860 1287 4917 videntur
1298 4863 1342 4932 qui
1353 4861 1386 4915 ad
