3650 5642
459 603 538 659 xxn

459 758 558 813 consid
573 757 667 812 diserte
677 757 723 813 lib.
736 774 753 810 r.
764 755 862 812 iisdree
874 772 931 829 cap.
943 774 982 823 ιν,
996 758 1008 812 l
1022 763 1048 812 et
1059 757 1083 812 2.
1095 755 1227 830 Scriptura
1238 760 1355 813 testetur.
1383 755 1433 812 Sed
1445 771 1476 810 aa
1485 755 1594 810 Serrarios

460 845 488 898 in
499 844 636 898 hdinerraii
646 844 700 898 iam
711 843 857 913 occuparit.

526 927 712 999 Ἐτετράοιησον
724 925 766 980 ὑπ’
777 927 876 997 αὐτοὶ]
892 929 972 983 Deest
982 928 1104 998 negativa
1115 928 1256 1000 particula,
1267 929 1336 999 qnod
1347 931 1389 982 rel
1400 927 1553 982 mediocriter
1562 943 1595 997 ps

459 1015 525 1068 ritus
540 1013 743 1067 onimsdrertere
758 1015 852 1085 potuit
881 1014 942 1068 ideo
959 1014 1055 1068 frustra
1065 1013 1113 1068 hec
1124 1015 1152 1067 in
1164 1021 1236 1084 parte
1247 1015 1378 1068 calumnia
1388 1015 1495 1080 struitur
1504 1012 1596 1084 Epiphr·

459 1100 503 1154 nio
523 1100 551 1152 in
567 1097 679 1152 iilencho
694 1099 882 1170 Scedgerisuo,
903 1100 982 1170 quasi
1000 1103 1091 1152 contra
1105 1099 1266 1170 Scriptorum
1286 1100 1380 1154 dixerit
1394 1099 1562 1154 Samaritanos
1576 1098 1596 1148 in

460 1185 669 1238 communionem
686 1186 770 1255 operis
787 1185 925 1239 admissos.
953 1183 1020 1238 Nam
1037 1191 1063 1238 et
1077 1185 1158 1250 inira,
1180 1201 1240 1240 cum
1256 1185 1288 1240 de
1304 1185 1429 1240 Sebuaeis
1444 1185 1511 1257 agit,
1526 1184 1598 1238 scribit

461 1270 559 1326 Esdrce
569 1270 629 1324 ilios
642 1269 700 1326 odio
711 1271 779 1325 teste
790 1287 839 1326 sua
849 1275 1014 1342 praepostere
1027 1269 1168 1324 ordinasse.

796 1424 842 1480 ΔΙ)
860 1423 1091 1478 SRBUAEORUM
1107 1423 1282 1480 nanansnt.

526 1527 679 1584 iebnssaeos
699 1543 835 1600 perperam
851 1527 1009 1582 Damasceni
1031 1527 1132 1581 codices
1153 1526 1257 1584 habeut.
1290 1528 1345 1582 iios
1361 1528 1395 1582 ah
1411 1524 1536 1582 Hebraico
1549 1542 1599 1580 rece

459 1600 563 1682 bimi,
577 1629 643 1684 quae
654 1613 844 1667 hebdomadem
854 1613 994 1683 significat,
1006 1614 1148 1684 appellatos
1160 1617 1301 1680 latitat),
1313 1615 1389 1684 qnasi
1399 1611 1555 1685 ἑβδομοδίτος
1565 1629 1599 1662 rc·

458 1700 567 1753 sisimile
584 1706 637 1764 est,
654 1698 723 1770 qnod
738 1714 799 1769 pag.
811 1699 870 1754 218.
884 1700 914 1752 in
929 1698 998 1770 isag.
1010 1698 1108 1752 Senon.
1120 1699 1210 1752 scribit
1221 1698 1346 1768 Scaliger.
1375 1699 1428 1752 Sed
1440 1699 1467 1752 in
1479 1700 1531 1752 eius
1542 1697 1599 1750 vocis

458 1784 589 1837 reddenda
602 1785 703 1838 ratione
718 1784 771 1836 sibi
785 1801 840 1837 non
855 1789 966 1838 constat.
995 1783 1063 1838 Nam
1073 1785 1100 1837 in
1113 1801 1143 1837 eo
1155 1785 1211 1838 loco
1223 1785 1315 1838 iccirco
1327 1782 1490 1854 ἐβδομσδίτσς
1501 1784 1599 1837 nomine·

460 1875 501 1922 tos
513 1875 599 1939 putet,
612 1870 674 1940 quis
686 1885 789 1923 omnem
807 1869 920 1940 δευτέραν
938 1871 986 1920 τῶν
999 1867 1060 1921 ἑπτὰ
1075 1872 1116 1936 τῆς
1128 1873 1290 1936 πεντηκοστῆς
1303 1867 1447 1939 ἑβδομάδων
1459 1869 1545 1924 eadem
1555 1868 1600 1920 reii-

459 1955 537 2024 gione
548 1971 601 2024 qua
611 1955 697 2024 ipsum
709 1957 872 2022 πεντηκοστῆς
883 1955 952 2008 hem
964 1955 1061 2010 colunt.
1079 1953 1182 2008 Etenim
1193 1959 1222 2025 τῇ
1235 1954 1334 2026 δευτέρᾳ
1345 1956 1394 2006 τῶν
1406 1952 1520 2025 Ἀζύμων
1531 1953 1600 2015 Omsr,

459 2040 515 2092 sire
525 2039 701 2110 manipulum,
717 2038 874 2104 offerebant3
889 2056 906 2092 a
919 2055 971 2109 qus
982 2039 1022 2094 die
1034 2039 1144 2093 sabbata
1155 2040 1255 2105 omnis,
1272 2055 1338 2110 queo
1349 2039 1382 2092 ad
1392 2039 1557 2094 Pentecosten
1568 2053 1600 2090 os·

460 2141 510 2194 que
526 2125 715 2194 sequebantur,
734 2141 831 2179 nomen
850 2126 1015 2189 obtinebant,
1036 2131 1100 2196 puta
1117 2125 1326 2196 δευτερόντωρτον,
1347 2125 1601 2196 δευτεροδεύτερον,οί

458 2217 574 2275 caetere,
591 2215 622 2264 ut
638 2211 700 2264 alibi
716 2210 869 2282 disputatur.
896 2210 1055 2264 Samaritani
1069 2227 1130 2264 vero
1143 2209 1254 2280 δευτέροις
1268 2211 1434 2281 appellabant
1445 2227 1534 2266 ornnes
1544 2209 1601 2262 dein·

386 2333 392 2345 .
426 2333 432 2346 .
459 2313 519 2366 ceps
531 2297 586 2350 dies
597 2312 665 2367 qnae
675 2297 703 2352 iu
714 2297 823 2352 eandem
833 2296 926 2350 teriam
937 2297 1073 2350 incurrunt
1082 2297 1111 2350 in
1123 2312 1174 2366 qus
1184 2301 1240 2350 eret
1251 2296 1362 2366 δευτέροις
1379 2297 1417 2350 ita
1428 2303 1459 2350 ut
1469 2299 1534 2352 inter
1544 2294 1600 2348 ebla-

458 2382 557 2436 tionem
569 2382 646 2436 Onrer
663 2387 690 2437 et
705 2384 811 2436 solenne
822 2382 987 2437 Pentecostes
998 2381 1133 2436 incurrant
1142 2386 1242 2452 septem
1254 2381 1368 2452 δευτέρου.
1395 2382 1462 2436 Vide
1473 2388 1568 2436 coetera
1580 2380 1601 2432 in

459 2469 554 2538 quibus
570 2467 683 2538 δευτέροις
697 2468 822 2539 ορροΙΙετί
837 2467 1013 2537 celebrarique
1028 2465 1155 2522 duntaxat
1171 2466 1229 2520 illus
1249 2481 1266 2520 a
1286 2466 1458 2522 Samaritenis
1478 2466 1601 2539 significat,

458 2569 526 2623 quse
540 2553 574 2606 sd
588 2554 772 2618 Pentecosten,
787 2553 842 2606 sire
858 2558 969 2618 nunt,
985 2551 1135 2606 succedunt
1169 2550 1242 2606 Unde
1259 2551 1399 2621 σεβουαίους
1415 2559 1442 2606 et
1457 2549 1601 2623 ἐβδομοτὶτιτ

458 2639 509 2692 dici
520 2639 699 2692 Samaritenos
710 2654 728 2690 e
737 2638 839 2692 ludaeis
851 2638 956 2704 assent,
973 2637 1043 2708 quod
1053 2654 1157 2692 omnem
1170 2637 1281 2707 δευτέραν
1299 2640 1348 2689 τῶν
1364 2635 1425 2690 istri
1440 2643 1484 2706 τῆς
1501 2653 1601 2702 πεντηκο-

459 2729 517 2789 στῆς
529 2721 673 2794 ἑβδομάδων
684 2723 776 2777 eedem
786 2723 912 2793 reiigione
924 2739 976 2793 qua
987 2724 1073 2794 ipsum
1085 2728 1247 2790 usurpasse-qe
1259 2722 1327 2776 diem
1339 2725 1434 2778 colunt.
1463 2726 1499 2778 ht
1509 2721 1601 2776 idsmin

458 2808 572 2862 iilencho
582 2809 738 2862 'trihaeresii
748 2825 804 2879 cap.
816 2826 835 2864 r.
847 2808 981 2862 Sebuaeos
993 2809 1030 2862 ait
1040 2808 1137 2879 septies
1148 2809 1175 2862 iu
1187 2823 1256 2862 enno
1267 2806 1437 2864 Pentecosten
1448 2809 1601 2868 instaurasse

458 2893 569 2962 indeque
583 2893 683 2948 tactum
698 2900 728 2946 ut
742 2894 772 2948 in
782 2899 949 2959 autumnum,
966 2895 993 2946 in
1004 2893 1107 2946 hiemen
1119 2899 1145 2946 et
1156 2894 1182 2946 in
1194 2909 1238 2946 rer
1248 2893 1385 2960 incideret3
1400 2901 1535 2965 propterea
1545 2889 1601 2962 qnod

458 2976 508 3032 hcc
519 2979 577 3032 loco
588 2979 678 3032 scribit
687 2977 848 3050 Epiphanius
858 2979 1029 3032 Pentecosten
1040 2979 1098 3032 illos
1109 2979 1137 3032 in
1149 2984 1273 3032 autumno
1290 2979 1445 3044 celebrasse,
1461 2997 1515 3034 nou
1530 2979 1602 3032 solun

457 3063 485 3116 id
501 3069 639 3128 autumno,
654 3065 701 3118 sed
715 3065 744 3118 in
760 3069 871 3135 quatuor
888 3065 950 3118 anni
961 3064 1076 3118 articulis
1088 3065 1182 3134 egisse.
1217 3063 1290 3130 Quod
1302 3070 1342 3118 est
1353 3065 1510 3136 aenigmatis
1521 3063 1602 3118 simile.

459 3149 594 3212 Quomodo
605 3150 675 3204 enim
685 3149 854 3204 Pentecosten
865 3150 893 3204 in
911 3155 1021 3220 quotuor
1032 3150 1094 3202 unni
1105 3149 1265 3220 temporibus
1276 3150 1468 3216 instaurabant,
1485 3153 1508 3206 si
1519 3151 1544 3204 in
1554 3165 1602 3218 spa·

457 3236 495 3288 tio
511 3237 555 3289 iilo
571 3241 687 3302 tuntum,
703 3235 773 3307 quod
789 3236 823 3290 ab
839 3235 916 3290 Orner
933 3235 967 3288 cd
982 3235 1152 3288 Pentecosten
1167 3234 1315 3300 intercedit,
1332 3231 1373 3296 τὰς
1390 3233 1501 3305 δευτέροις
1516 3241 1603 3306 septen

457 3321 538 3374 festas
555 3338 586 3374 ac
601 3323 720 3377 solennes
735 3323 875 3377 ducerent?
896 3321 1006 3376 Drusius
1023 3337 1039 3373 a
1055 3318 1162 3385 Sebaie,
1181 3321 1227 3390 qui
1242 3337 1302 3374 cum
1318 3319 1349 3372 R
1361 3319 1470 3374 Dostbai
1485 3321 1519 3375 ud
1532 3332 1602 3374 noros

458 3407 592 3462 Samariae
608 3407 749 3477 inquilinos
764 3406 918 3462 erudiendos
934 3423 968 3460 ex
979 3406 1086 3476 haspris
1097 3407 1191 3460 missus
1203 3411 1255 3470 est,
1267 3404 1372 3460 derivat.
1402 3405 1538 3460 Probabile
1548 3409 1604 3458 este

458 3497 563 3556 mm,
575 3492 602 3544 id
613 3499 655 3544 est
664 3492 837 3557 hebdomade,
848 3491 930 3544 dictos
942 3507 1012 3556 esse,
1025 3490 1107 3561 quod,
1120 3497 1150 3544 ut
1160 3490 1318 3545 Samaritani
1329 3493 1438 3558 caeteri,
1449 3487 1491 3553 rior
1504 3489 1602 3560 δευτέρας

459 3577 554 3645 septies
565 3577 610 3629 illo
622 3575 751 3629 duntaxat
761 3577 897 3630 intervallo
909 3575 1080 3640 celebrarent,
1092 3575 1161 3645 quod
1171 3576 1205 3630 ed
1215 3577 1385 3632 Pentecosten
1397 3578 1539 3632 intercedit

526 3659 571 3712 Διὰ
587 3663 656 3730 μῆνιν
673 3659 713 3712 καὶ
730 3656 805 3730 ὀργὴν
822 3659 974 3730 μετέθηκεν]
992 3659 1077 3730 Supra
1092 3660 1194 3716 dixerat
1209 3661 1270 3732 πρὸς
1287 3659 1410 3729 ἀλλήλους
1426 3663 1478 3718 iras
1496 3679 1527 3716 ao
1542 3663 1603 3714 rixas

458 3746 616 3815 suscepisse,
632 3761 702 3799 nunc
719 3761 780 3798 cnm
794 3745 897 3800 iudaeis
915 3745 1060 3800 simultetss
1075 3745 1132 3799 illes
1144 3747 1320 3802 intercessisse
1331 3765 1384 3802 non
1396 3749 1505 3802 obscure
1516 3745 1603 3816 colligi·

458 3836 508 3884 tur.
541 3829 676 3901 Siquidem
696 3830 756 3886 odio
777 3830 881 3886 illorum
897 3837 1063 3903 praepostere
1079 3832 1226 3886 solennium
1243 3833 1351 3888 istorum
1368 3840 1472 3905 tempus
1489 3845 1604 3904 usurpare

458 3921 606 3987 coeperunt

527 4000 647 4054 Τάττουσι
662 3999 689 4053 bb
705 3993 773 4054 οὗτοι
787 3999 830 4054 τδν
844 4001 898 4053 νέον
910 4004 996 4072 psus]
1020 4001 1111 4058 Utrum
1127 4003 1227 4074 primus
1238 4004 1335 4058 mensis
1350 4005 1420 4076 apud
1436 4005 1604 4060 Samaritanus

458 4093 486 4143 et
496 4087 627 4141 Sebuaecs
637 4086 706 4140 lieri
716 4086 796 4141 fuerit
805 4103 858 4140 non
869 4087 933 4140 satis
945 4088 1065 4158 explicat
1093 4089 1137 4144 att
1148 4090 1218 4144 enim
1230 4085 1290 4160 μετὰ
1301 4088 1330 4142 rb
1342 4089 1395 4142 utos
1408 4087 1473 4160 ἶτος,
1491 4097 1552 4162 post
1565 4105 1603 4142 au·

459 4191 524 4228 num
537 4189 648 4237 norum,
663 4173 697 4225 ab
712 4172 764 4226 illis
780 4172 873 4238 statui3
888 4173 962 4226 cuius
979 4175 1041 4228 enni
1057 4176 1119 4229 nori
1134 4183 1212 4247 caput
1226 4181 1266 4230 est
1276 4166 1336 4246 perir
1347 4175 1390 4228 τ“ον
1401 4175 1475 4247 Srcpi
1486 4174 1511 4228 ἐν
1522 4178 1558 4246 τῷ
1569 4189 1603 4244 με·

459 4259 576 4329 τοπώρῳ.
601 4256 680 4311 Porro
692 4257 760 4312 'tisri
770 4274 830 4312 cnm
839 4259 959 4328 Augusto
971 4265 1110 4332 comparat
1132 4261 1203 4316 Haec
1214 4263 1295 4332 igitur
1305 4261 1438 4316 salebrosa
1448 4277 1479 4314 ac
1490 4261 1604 4334 perplura

459 4351 528 4398 sunt
545 4343 575 4398 Si
585 4342 614 4396 in
624 4347 748 4396 autumno
759 4359 843 4398 noros
855 4360 939 4400 annus
951 4345 1020 4412 iniit,
1032 4363 1085 4400 non
1096 4348 1186 4418 uh'que
1197 4348 1225 4402 in
1234 4347 1312 4413 Tisri,
1324 4347 1369 4418 qui
1378 4347 1497 4418 Augusto
1508 4361 1603 4418 respon·

459 4430 511 4483 det
539 4429 591 4482 Gur
607 4443 670 4498 ergo
685 4431 740 4480 tam
756 4427 893 4498 diligente
907 4428 977 4484 huuc
992 4431 1078 4502 ipsum
1090 4447 1207 4485 mensem
1217 4432 1294 4484 variis
1306 4432 1493 4486 circumscribit
1503 4429 1604 4486 nomini·

459 4515 524 4579 bus,
539 4516 563 4568 si
577 4530 631 4568 non
647 4513 710 4566 anni
724 4513 893 4582 primordium
905 4520 962 4570 esti
980 4515 1031 4570 Cur
1042 4517 1133 4570 deinde
1144 4517 1182 4570 its
1192 4517 1323 4586 loquitur?
1340 4515 1479 4570 ἀτεντεῦδεν
1491 4509 1557 4570 οὗτοι
1567 4513 1602 4578 τὴν

460 4596 538 4668 ἀρχὴν
555 4604 598 4652 τοῦ
614 4595 682 4660 ἔτους
696 4596 813 4668 ἡγοῦνται
824 4598 864 4651 aab
876 4599 945 4662 εὐθὺς
963 4597 994 4652 τὰ
1005 4597 1103 4672 'Acopa
1119 4598 1261 4654 ἐπιτελοῦσι.
1289 4601 1418 4658 Nimirum
1433 4603 1461 4656 in
1473 4619 1503 4656 eo
1514 4615 1602 4662 mento,

460 4683 492 4736 de
508 4700 560 4753 quo
575 4685 678 4738 locutas
695 4689 746 4750 est,
763 4682 813 4738 hoc
828 4691 869 4738 est
882 4685 958 4739 tisri.
986 4685 1107 4756 Sequitur
1118 4684 1187 4738 enim
1199 4682 1223 4736 le
1235 4684 1262 4738 bl
1273 4689 1310 4757 τῷ
1322 4687 1460 4758 μετοπώρῳ
1472 4685 1515 4756 τὴν
1527 4703 1602 4748 πεντη-

461 4767 550 4835 κοστὴν
561 4774 666 4838 ποιοῦσι,
676 4769 891 4840 quinquagesimo
901 4775 963 4840 post
973 4769 1021 4826 die.
1038 4769 1122 4832 Quare
1135 4775 1194 4824 aute
1203 4771 1347 4842 μετόπωρον
1358 4777 1385 4825 et
1395 4773 1423 4826 in
1433 4773 1502 4827 Tisri
1513 4775 1602 4842 scyno

461 4854 634 4922 celebrantur,
644 4853 760 4926 adeoque
770 4859 849 4926 ceput
858 4856 922 4910 anni
931 4855 1006 4910 tisri.
1027 4853 1061 4908 Et
1072 4852 1132 4924 μετὰ
1142 4853 1211 4910 idern
1222 4856 1271 4910 erit
1281 4862 1359 4926 atque
1369 4857 1496 4924 inchoate,
1505 4863 1600 4912 εοεοου.
