3650 5642
434 605 547 662 OOOXL

434 791 555 850 Jnetinm
572 799 647 847 ceute
658 793 797 863 tegmem,
815 811 875 849 Μ,
893 795 926 848 3,
943 795 987 848 ffl.
1071 782 1261 836 successionem
1269 783 1450 854 direnptstt..
1461 783 1575 838 sesnnt·

468 879 548 932 nitate
565 878 795 949 idompropecum
806 881 910 934 Arimi,
928 897 988 934 sen·
1073 867 1243 920 dinumeratio
1256 869 1408 938 pontificum
1418 869 1576 922 Romnum

467 965 516 1016 det
928 965 986 1018 285,
1073 967 1089 1003 tt
1106 952 1182 1006 Petro
1544 953 1577 1004 68

433 1048 553 1104 Justinue
570 1049 673 1118 qundo
690 1050 785 1104 riserit
803 1057 831 1102 et
847 1051 989 1119 Apologies
1040 1036 1123 1090 1³⁰0&
1140 1053 1173 1090 ⁸1¹
1193 1039 1357 1107 tvwgtlitm
1376 1039 1404 1092 iu
1421 1038 1502 1094 (hilis
1517 1054 1576 1110 pter

466 1134 598 1202 scripserit
613 1135 695 1204 longe
711 1142 739 1188 et
755 1141 876 1190 eccurets
891 1135 989 1204 disqui·
1074 1123 1197 1176 (008900
1546 1123 1581 1176 90

467 1218 528 1271 sitio
893 1219 935 1274 66.
947 1217 988 1273 63,
1040 1208 1125 1264 Lucse
1143 1210 1307 1277 evangelium
1332 1217 1396 1280 quot
1412 1225 1534 1264 annerum
1550 1208 1581 1261 tt·

1074 1297 1181 1349 stotisrn
1200 1295 1331 1364 scripserit
1547 1293 1582 1348 68

692 1379 730 1442 R.
1041 1381 1073 1434 de
1091 1381 1176 1435 Lucus
1194 1382 1254 1434 ioco
1272 1396 1340 1432 nors
1361 1381 1489 1451 qusedssn
1506 1382 1583 1450 mnje

433 1473 520 1543 Καββᾶ
536 1476 599 1546 quid
610 1476 735 1530 liebrsice
752 1483 779 1529 ct
789 1475 897 1546 Syrisce
907 1477 989 1544 signi·
1074 1475 1147 1520 etun
1166 1469 1316 1537 proponitur
1546 1465 1583 1519 iil.

466 1563 529 1617 ticet
942 1561 985 1616 43.
1041 1554 1125 1608 anse
1137 1556 1210 1608 iocus
1223 1554 1377 1624 expenditur
1388 1555 1421 1608 de
1432 1553 1584 1608 666360737-

434 1648 658 1719 deiecturuqnid
673 1649 878 1718 ettemptiesims
889 1647 985 1718 disqui-
1073 1642 1107 1694 sti
1533 1639 1580 1692 106

467 1733 529 1788 sitio
945 1732 987 1786 78,
1042 1725 1171 1778 Lucernse
1196 1726 1315 1780 ardentes
1339 1727 1366 1780 in
1390 1727 1485 1798 tempto
1506 1726 1585 1778 diest

432 1818 536 1889 Keplesi
561 1819 698 1896 descriptio
721 1821 786 1888 cycli
820 1835 872 1888 qun
896 1817 988 1872 iudaei
1074 1819 1164 1874 noete,
1182 1811 1214 1864 dc
1232 1828 1263 1864 eo
1281 1811 1428 1882 disquisitio
1468 1812 1523 1866 676.
1535 1807 1584 1864 stt.

469 1905 609 1958 utebentnr
628 1904 684 1958 160.
705 1911 734 1958 et
750 1920 802 1974 qno
823 1905 852 1958 in
873 1905 930 1974 ejrss
949 1903 990 1956 de·
1041 1897 1173 1952 Lunsrum
1200 1913 1230 1950 so
1252 1897 1375 1951 terisrnsu
1402 1907 1456 1952 tem
1477 1912 1585 1952 reserum

466 1990 605 2059 scriptione
621 1989 709 2042 minus
725 1989 844 2059 pieeesnt
935 1988 990 2040 161.
1077 1999 1154 2052 quens
1182 1983 1332 2036 vitioserum
1362 1999 1432 2037 enno
1454 1983 1586 2036 dominicse

433 2073 568 2144 Kippnrins
580 2074 676 2128 testum
689 2075 869 2144 expiationum
887 2072 991 2144 quondo
1076 2069 1206 2137 pseeionis
1540 2063 1585 2117 tttt

466 2158 645 2214 oeiebrsbstur
662 2159 793 2213 etndseie
950 2157 991 2212 66.

438 2241 523 2296 uoce
540 2244 602 2314 quse
618 2245 654 2298 ss
670 2245 762 2314 tingue
779 2245 907 2300 sternes
952 2243 993 2297 so.
1297 2227 1339 2290 1.

1043 2324 1194 2378 Msscsbsei
1216 2341 1250 2380 sn
1278 2323 1375 2378 inerint
1400 2326 1451 2380 orti
1472 2342 1504 2380 ex
1525 2321 1586 2378 tsiiso

601 2443 604 2450 -
689 2403 723 2464 Is.
1077 2409 1146 2463 iude
1551 2406 1587 2458 50.

432 2498 519 2552 Lubet
536 2505 563 2552 et
580 2497 709 2554 stuusn
967 2500 994 2566 5,
1044 2497 1183 2565 Magorum
1201 2495 1326 2550 adventus
1344 2501 1425 2566 quoto
1446 2511 1514 2550 enne
1530 2491 1586 2547 esti·

432 2583 771 2640 Leodicesdntioohisecus
781 2587 924 2656 sppslietur
936 2585 993 2640 306.
1078 2583 1138 2635 terit
1155 2589 1213 2652 post
1230 2581 1360 2636 Christum
1378 2588 1470 2635 netum
1552 2577 1586 2630 66.

433 2669 519 2724 Lente
538 2685 583 2739 pro
601 2669 826 2736 lebrslegendum
843 2671 870 2726 in
882 2671 993 2742 Epiphu·
1046 2668 1163 2722 Mambre
1186 2683 1296 2738 quercus
1314 2682 1392 2737 quesn
1410 2667 1517 2722 celebris
1533 2665 1586 2719 otiu

466 2755 511 2808 nic
530 2761 557 2808 et
572 2755 636 2823 qnid
653 2758 688 2808 eit
703 2754 789 2808 Lente
865 2757 923 2811 666.
935 2755 992 2810 663.
1076 2753 1155 2806 inerit
1552 2747 1587 2801 37.

433 2839 600 2894 Lutercninm
621 2840 828 2905 novilunium,
856 2857 886 2894 ec
912 2843 992 2911 pleni·
1044 2837 1256 2892 Msuioisseorum
1274 2837 1355 2906 origo.
1370 2845 1399 2890 et
1415 2853 1468 2908 qno
1484 2845 1587 2906 tempore

467 2925 600 2978 iuniorum
617 2931 667 2977 etc.
862 2913 869 2929 ⁸
938 2927 991 2980 169.
1078 2923 1299 2976 haeretieiiiorum
1311 2924 1446 2977 emerserit
1456 2923 1513 2978 667.
1524 2927 1587 2975 suto

318 3017 324 3028 ‘
433 3009 599 3064 Laureolum
614 3009 991 3065 descendentiumsLeviiiii.
1076 3025 1118 3062 res
1141 3009 1185 3078 qui
1208 3009 1346 3062 incorum
1369 3015 1467 3062 scomns
1491 3009 1587 3076 scriptu

432 3094 598 3150 Letemninsu
625 3095 756 3150 mensium
786 3097 929 3151 Atticorum
956 3113 988 3150 ex
1078 3101 1138 3147 runt
1155 3101 1271 3146 recenset
1289 3091 1467 3148 Theodoretus
1537 3087 1587 3146 668.

467 3179 539 3234 em
559 3181 728 3250 etSceligero
936 3181 989 3236 135.
1041 3179 1139 3232 Munus
1157 3193 1234 3248 quern
1253 3185 1359 3247 gustum
1377 3177 1498 3234 hebuerit
1551 3173 1586 3228 69.

432 3266 599 3322 Letercuiuns
623 3267 753 3320 mensium
770 3267 989 3322 Andochenorum
1041 3264 1157 3318 Menoetii
1181 3262 1303 3317 isseretioi
1327 3264 1430 3318 libellus
1452 3263 1483 3317 de
1500 3261 1587 3334 protes·

466 3353 521 3406 sire
539 3350 714 3422 Συροελλήνων
933 3352 989 3407 136.
1075 3351 1147 3404 sione
1169 3365 1234 3403 ense
1255 3348 1316 3402 fidei
1333 3349 1408 3403 etde
1425 3349 1586 3404 esindiciun

432 3437 587 3508 Legisperiti
604 3453 650 3506 qus
641 3436 729 3507 epod
739 3436 854 3492 induens
875 3437 988 3490 diceren·
1076 3435 1181 3490 Beronii
1536 3431 1586 3485 306.

466 3531 509 3576 tur
946 3521 986 3574 69.
1041 3521 1157 3574 Μιιιίοι
1181 3521 1254 3590 cujus
1276 3520 1354 3574 tuerit
1370 3527 1397 3574 et
1413 3537 1447 3576 eu
1465 3521 1536 3592 lycus
1551 3515 1586 3570 rei

431 3606 525 3677 Lepte·
547 3606 668 3676 geminae
690 3607 717 3659 in
742 3605 829 3660 suto
849 3614 876 3661 et
897 3623 1026 3660 esrum
1075 3607 1151 3676 iupus
1168 3614 1276 3659 rosetus
1550 3600 1585 3655 tt.

465 3691 597 3745 distinctio
928 3692 987 3746 671.
1040 3691 1139 3744 Merite
1157 3692 1267 3760 virginis
1283 3692 1520 3748 inrocstouomine
1535 3691 1586 3743 dre

432 3777 537 3830 tevine
554 3775 712 3830 decimemus
729 3773 843 3830 decimes
859 3778 988 3846 persolve·
1075 3793 1166 3830 mones
1184 3777 1270 3846 fugati
1551 3772 1585 3827 57.

467 3863 530 3914 bunt
945 3861 987 3916 33.
1042 3863 1140 3916 iturine
1158 3863 1266 3931 virginis
1283 3867 1373 3933 pertus
1391 3878 1470 3934 quens
1488 3869 1543 3933 spte
1558 3855 1585 3912 sd

431 3947 528 4001 Liberti
544 3946 665 4016 purgetio
683 3961 735 4016 que
751 3947 896 4002 ostenditur
913 3947 987 4002 illum
1074 3948 1215 4016 spiritsiem
1234 3947 1366 4012 Ecclesiee
1382 3955 1486 4019 putum
1502 3947 1584 4002 reterr-

465 4047 518 4085 non
527 4031 712 4101 subscripsisse
722 4029 856 4085 Athenssii
865 4033 986 4087 condem·
1074 4039 1116 4085 tur
1549 4029 1583 4084 59.

465 4117 564 4170 ustioni
581 4133 667 4186 neque
688 4133 748 4170 cnm
765 4115 898 4171 Phottenis
917 4133 987 4172 cons·
1038 4118 1263 4172 usrooetsnemm
1281 4133 1374 4172 sucum
1390 4135 1458 4190 quse
1470 4119 1583 4174 tutuo

414 4232 418 4240 ·
464 4202 613 4255 municssse
926 4202 985 4257 316.
1073 4203 1191 4256 sidentur
1207 4203 1385 4273 iuterpretstio
1498 4204 1535 4257 tt
1546 4197 1579 4252 75.

430 4287 568 4342 Librorum
590 4301 724 4341 sessorum
745 4289 849 4358 pertitio
871 4302 905 4342 ex
929 4287 986 4358 [ipi-
1037 4288 1142 4341 Murcus
1164 4305 1179 4340 e
1202 4291 1369 4358 septuaginte
1392 4289 1501 4344 duorum
1517 4285 1580 4340 disci·

464 4371 560 4441 picenio
943 4373 985 4428 54.
1070 4373 1189 4441 polorum
1207 4389 1316 4427 numero
1333 4373 1383 4427 duit
1545 4369 1579 4422 96.

430 4456 568 4514 Librorum
579 4473 704 4510 numerus
717 4458 784 4528 spud
795 4459 909 4512 Judsees
922 4475 984 4529 quo·
1036 4457 1118 4510 Murci
1136 4459 1301 4528 erengeiium
1320 4460 1364 4513 ubi
1381 4461 1536 4531 scriptumst
1551 4471 1579 4508 tt

464 4543 542 4598 modo
559 4549 722 4613 computetur
946 4543 984 4596 13.
1053 4543 1125 4598 iussu
1143 4543 1212 4598 Petri
1541 4539 1575 4596 88.

429 4627 590 4698 Linguurnm
615 4629 795 4683 distinctions
818 4631 985 4701 septuaginta
1036 4629 1266 4698 Murisndynorum
1284 4631 1355 4701 regio
1374 4631 1471 4686 ubisit
1545 4626 1578 4678 70.

464 4713 530 4766 dues
547 4723 573 4767 et
589 4715 657 4768 unde
923 4716 983 4770 6..7
1034 4715 1188 4770 dissentioni
1216 4715 1311 4785 quibus
1333 4723 1486 4771 nocerentur
1505 4711 1575 4768 noui

431 4797 489 4853 Lini
507 4805 533 4850 et
544 4799 610 4852 etesi
622 4799 690 4854 Petri
706 4814 886 4856 suceessorum
902 4801 983 4854 histo·
1067 4801 1144 4854 nibus
1162 4800 1220 4856 334.
1232 4800 1328 4872 duplex
1347 4813 1437 4857 eornm
1454 4813 1531 4874 genus
1545 4797 1572 4848 ib·

465 4883 516 4946 rie,
545 4889 571 4935 et
594 4885 769 4938 controversis
796 4887 865 4938 circs
891 4901 982 4938 eorum
1034 4885 1207 4940 uethnesten
1231 4893 1295 4957 quot
1311 4903 1394 4944 ennon
1412 4888 1504 4944 vixerit
1539 4881 1571 4936 45.
