3650 5642
457 606 594 667 LXXXIV

456 768 537 837 gello,
553 780 638 835 neque
656 780 715 817 cum
732 763 909 834 superioribus
927 762 1073 819 schament
1107 762 1176 818 Nam
1191 764 1319 819 Herodem
1334 765 1407 836 fugit
1420 764 1537 819 duntaxat
1547 772 1590 834 post

455 851 560 904 loannis
572 861 675 913 necem,
694 864 761 918 quae
772 848 851 919 longe
862 855 923 921 post
934 850 1094 919 baptismum
1106 849 1207 904 accidit
1232 850 1298 905 Vide
1308 867 1375 921 qnae
1393 852 1427 905 ad
1443 867 1509 906 nunu
1519 867 1589 905 aaron

454 937 633 989 observamus.
1606 921 1607 942 ¹

521 1020 552 1077 N.
566 1038 620 1076 xta.
644 1018 675 1072 '0
688 1018 715 1072 dl
726 1017 840 1086 Ἰωάννης
849 1021 889 1073 sol
901 1019 944 1087 τὴν
956 1018 1088 1090 πρόθεσιν]
1111 1020 1171 1073 For.
1182 1020 1245 1072 aurit
1256 1020 1300 1089 τὴν
1312 1021 1435 1093 πρόθεσιν.
1606 1073 1607 1086 ,

520 1104 552 1161 N.
565 1123 631 1163 1111.
656 1104 826 1175 lint-qqcpoiror
838 1104 865 1159 δὲ
879 1104 972 1172 πάλιν]
1007 1105 1116 1158 Nullum
1133 1111 1173 1158 est
1188 1106 1216 1158 in
1233 1106 1274 1159 his
1289 1107 1363 1159 libris
1378 1103 1591 1177 argumentum,in

453 1206 505 1261 qno
517 1190 652 1243 mactando
664 1191 723 1260 plus
735 1207 829 1261 operae
841 1207 871 1243 ac
884 1190 963 1243 studii
973 1191 1076 1245 naramt
1086 1188 1262 1261 Epiphanius,
1278 1207 1359 1261 quaro
1372 1193 1402 1245 in
1418 1208 1450 1246 ea
1459 1191 1591 1262 quaestione

453 1292 505 1345 qna
521 1274 646 1329 dominici
661 1277 756 1329 natalis
773 1282 800 1329 et
816 1276 944 1346 passionis
960 1290 1046 1329 annus
1061 1276 1207 1345 inquiritur.
1230 1276 1284 1329 Sed
1299 1294 1349 1331 nas
1362 1278 1494 1331 obscurior
1503 1289 1592 1345 usquin

451 1362 524 1415 locus
536 1367 588 1425 eet,
601 1368 647 1414 aut
657 1362 684 1415 in
697 1378 748 1430 quo
760 1362 847 1415 murus
858 1362 994 1431 interpreti
1004 1362 1170 1432 tergiversari
1180 1377 1212 1415 ac
1222 1360 1388 1416 dissimulas
1398 1364 1482 1417 liceat.
1502 1362 1593 1415 Tantum

451 1446 538 1511 abest,
556 1452 584 1499 nt
594 1448 623 1499 in
634 1463 665 1499 eo
678 1446 830 1500 declarando
843 1463 875 1499 ne
887 1446 921 1499 sit
932 1447 1036 1516 longior
1047 1447 1131 1501 uereri
1141 1445 1246 1511 debeat,
1262 1454 1310 1501 aut
1324 1448 1447 1501 instituta
1458 1464 1487 1501 se
1496 1451 1593 1499 nourtu

452 1539 478 1585 ot
489 1531 743 1585 animadversionum
756 1532 881 1585 brevitate
891 1530 1036 1585 defendere.
1053 1534 1138 1601 Atque
1150 1548 1181 1584 ea
1191 1548 1255 1585 sane
1264 1534 1383 1603 quaestio
1397 1550 1458 1587 oum
1467 1531 1592 1587 nonninus

451 1617 499 1670 hac
511 1622 679 1687 tempestato,
692 1632 770 1685 quam
781 1616 874 1686 priscis
886 1616 937 1669 illis
948 1617 1122 1687 temporibus,
1134 1616 1248 1670 eruditos
1260 1624 1393 1683 exerceat,
1410 1635 1443 1673 eo
1453 1619 1553 1687 deniqne
1562 1612 1593 1665 ad·

451 1704 529 1757 ducta
544 1720 586 1757 res
604 1708 644 1755 est
660 1708 690 1755 ut
701 1702 746 1771 qui
757 1702 888 1755 inscitiam
899 1718 976 1756 suam
987 1702 1101 1771 ingenue
1112 1701 1200 1755 imaus
1210 1702 1303 1769 fuerit,
1320 1703 1501 1774 pudentiorem
1514 1702 1593 1755 amun

451 1794 571 1859 quaerat,
590 1804 668 1857 quam
685 1787 707 1839 si
724 1788 787 1839 certi
802 1786 901 1855 aliquid
917 1793 944 1840 et
958 1788 1089 1857 explorati
1102 1794 1190 1839 tenere
1201 1804 1231 1840 se
1241 1804 1320 1857 posse
1331 1788 1455 1842 confidat.
1477 1788 1509 1841 Ut
1518 1786 1594 1839 anina

449 1874 632 1927 uetustioribus
644 1871 748 1925 initium
759 1878 888 1942 repetam,
901 1873 960 1941 quis
972 1878 1113 1942 antequam
1124 1871 1243 1941 Dionysii
1254 1874 1369 1943 vulgaris
1380 1875 1432 1927 illa
1442 1875 1506 1927 ratio
1515 1884 1593 1943 perot

357 1976 379 2015 u·
392 1963 423 2007 tt·
449 1960 561 2023 buisset,
573 1958 602 2011 in
613 1960 711 2009 certam
723 1972 753 2009 ac
766 1957 935 2011 constitutam
946 1958 1102 2011 sententiam
1112 1956 1211 2009 includi
1221 1974 1250 2010 se
1261 1974 1355 2027 passus
1366 1965 1427 2012 est?
1447 1959 1595 2026 Longanos

449 2052 475 2097 et
486 2045 599 2097 otiosum
610 2048 727 2095 ueterum
738 2042 844 2095 Petrum
857 2043 992 2112 opiniones
1004 2058 1096 2095 omnes
1107 2043 1241 2111 persequi,
1257 2042 1336 2113 idque
1351 2044 1385 2097 ab
1402 2033 1463 2098 aliis
1479 2044 1595 2113 dssigenter

449 2128 610 2193 estfactum,
627 2128 779 2198 pracsertim
791 2144 807 2179 a
818 2126 928 2181 Dcherio
940 2134 1030 2181 nostro
1041 2131 1079 2197 τῷ
1091 2126 1212 2197 μακαρίτῃ
1234 2133 1261 2180 et
1276 2126 1374 2181 loanne
1389 2128 1501 2199 Ksplero
1515 2125 1594 2181 mttbe

450 2214 546 2267 mabco
568 2214 596 2267 in
613 2213 714 2267 erudita
730 2213 775 2265 illa
787 2212 967 2267 dissertatione
979 2212 1011 2265 de
1021 2213 1097 2266 Anno
1108 2210 1196 2265 Natali
1207 2218 1233 2265 et
1247 2213 1276 2266 in
1291 2212 1397 2283 Eelcgls
1410 2210 1595 2281 cmonoogius

448 2306 478 2353 ut
489 2306 516 2353 ot
527 2299 558 2353 dc
569 2298 740 2352 Illustrissimi
750 2297 857 2351 Beronii
868 2298 1011 2351 Annalibus
1029 2314 1060 2350 ac
1077 2298 1186 2351 caeteris
1197 2296 1400 2368 chronographis
1413 2306 1522 2353 mosam
1541 2294 1594 2359 Quo

447 2402 506 2439 rum
523 2384 640 2438 omnium
656 2388 717 2453 post
737 2388 791 2435 tarn
813 2382 971 2451 exquisitam
988 2388 1015 2435 et
1031 2389 1152 2435 exactam
1169 2398 1275 2452 oporam
1296 2398 1517 2453 supervacanemu
1532 2379 1595 2433 rideri

426 2494 431 2507 .
447 2478 561 2541 potarat,
577 2468 680 2523 anobis
693 2483 724 2521 ea
736 2467 863 2537 disputari
874 2466 1067 2532 vehementius,
1084 2482 1152 2537 quae
1167 2468 1247 2521 anxie
1259 2468 1292 2519 ab
1302 2468 1356 2521 illis
1367 2475 1433 2522 aunt
1443 2473 1594 2534 morataque

447 2556 577 2619 discussa,
594 2554 646 2606 nisi
662 2570 711 2607 nos
729 2551 761 2605 ad
777 2551 804 2604 id
816 2552 895 2605 etiam
907 2552 1003 2605 inritos
1014 2550 1174 2623 Epiphanius
1185 2552 1242 2622 ipse
1253 2568 1284 2605 ac
1296 2553 1411 2623 suscepti
1422 2555 1535 2609 muneris
1544 2548 1594 2605 fides

445 2641 598 2710 impelleret.
622 2637 677 2691 Erit
688 2642 775 2689 autem
786 2634 846 2689 huic
857 2638 965 2691 conatui
974 2638 1109 2707 laborique
1120 2644 1210 2690 nostro
1225 2637 1310 2691 facilis
1326 2638 1414 2703 lector,
1434 2641 1459 2693 ai
1473 2638 1520 2693 hoo
1534 2650 1594 2689 ans

446 2730 591 2795 spectatum
605 2722 751 2793 agnouerit,
769 2728 798 2774 ut
812 2720 943 2775 infinitam
956 2738 1036 2793 prope
1054 2723 1256 2776 controversiam
1270 2723 1442 2794 omniumque
1458 2724 1547 2778 iudicio
1557 2719 1594 2772 dil-

445 2808 588 2863 ticillimam
601 2824 686 2876 neque
697 2807 801 2859 brevius
814 2822 893 2876 quam
909 2822 951 2859 rea
966 2812 1042 2861 tanta
1056 2806 1183 2876 disputari
1197 2808 1294 2877 possit,
1310 2824 1396 2877 neque
1410 2810 1518 2880 longius
1531 2822 1595 2877 quan

445 2910 551 2949 uacasse
567 2893 614 2957 sit,
631 2908 735 2945 summa
746 2908 806 2944 vero
819 2908 879 2945 cum
889 2890 1027 2956 fusilitate,
1043 2892 1237 2961 complecterer,
1248 2898 1276 2946 et
1285 2909 1330 2957 ea,
1344 2910 1411 2963 quae
1421 2896 1459 2949 ab
1468 2891 1595 2965 ingeniosis

445 2978 579 3048 doctisque
589 2977 652 3031 siris
665 2975 696 3029 de
708 2992 740 3028 ea
750 2992 778 3029 re
790 2976 897 3029 solerter
908 2977 1057 3046 excogitata
1068 2982 1142 3042 sunt,
1157 2978 1308 3031 accessione
1318 2979 1408 3048 aliqua
1418 2985 1512 3033 nostra
1521 2991 1594 3033 cuma·

444 3065 498 3119 luta
508 3062 657 3134 proferrem
681 3061 765 3127 Quare
777 3060 873 3133 duplex
886 3062 935 3115 erit
945 3059 995 3115 hoc
1005 3063 1063 3115 loco
1075 3061 1230 3131 disputanda
1245 3064 1375 3134 quaestio:
1392 3064 1477 3120 altera
1492 3064 1523 3117 ds
1538 3075 1594 3115 anno

444 3150 501 3220 ipso
514 3166 566 3220 quo
578 3154 656 3203 ustus
668 3153 707 3202 est
719 3146 851 3215 Christus,
862 3148 945 3201 altera
955 3146 987 3201 de
999 3164 1030 3203 eo
1042 3164 1095 3218 quo
1105 3164 1199 3219 passus
1212 3154 1259 3202 est

633 3338 686 3403 DE
711 3338 823 3404 ANNO
849 3338 1004 3403 NATALI
1028 3336 1192 3403 CHRISTI
1214 3336 1422 3403 DIATRIBA.

512 3492 561 3555 Qui
578 3490 692 3543 natalem
703 3488 798 3542 Christi
815 3488 952 3542 saluatoris
968 3504 1067 3542 aunum
1081 3489 1125 3541 ria
1140 3504 1171 3543 ao
1186 3489 1288 3543 milone
1302 3490 1428 3560 indagare
1438 3490 1527 3545 conafi
1535 3492 1594 3549 suut

442 3575 550 3645 triplicis
561 3574 677 3627 maxime
688 3574 813 3642 temporis
824 3574 952 3626 rationem
967 3572 1126 3637 habuerunt,
1143 3574 1321 3628 Romanorum
1336 3574 1544 3645 cosa.,·Augnati
1552 3571 1594 3625 Irn-

442 3666 524 3729 perat.
542 3664 568 3711 ct
587 3657 694 3712 Herodis
716 3674 851 3711 annorum.
880 3657 1000 3711 Totidem
1017 3659 1087 3711 notis
1109 3673 1140 3711 ac
1162 3660 1233 3712 velut
1248 3660 1396 3729 insignibus
1412 3662 1528 3731 positum
1542 3674 1558 3711 a
1571 3670 1594 3709 st

443 3760 542 3797 annum
553 3742 691 3797 illustrauit
701 3740 874 3811 Epiphanius,
891 3748 918 3795 et
933 3744 961 3795 in
978 3743 1121 3797 ordinanda
1135 3744 1302 3815 potissimum
1312 3746 1379 3799 serie
1389 3761 1458 3799 coss.
1469 3743 1539 3799 haud
1547 3741 1594 3794 rol·

441 3844 533 3899 garam
544 3828 704 3897 diligentiam
721 3824 845 3881 adhibuit
879 3826 959 3881 Cuius
975 3844 1025 3881 nos
1040 3829 1151 3898 rssdgia
1166 3836 1328 3899 prementes,
1343 3830 1371 3882 id
1386 3830 1457 3900 quod
1474 3824 1593 3885 architecti

440 3914 525 3969 facere
541 3914 637 3979 solent,
655 3917 684 3965 ut
700 3918 841 3981 antequam
856 3912 993 3967 aedificent
1009 3914 1060 3966 soli
1069 3913 1152 3983 ipsius
1163 3914 1205 3967 rol
1215 3914 1379 3967 fundamenti
1389 3915 1545 3970 soliditatem
1555 3927 1593 3965 ex·

440 3998 554 4071 plorent,
565 3999 602 4051 itu
613 4015 661 4052 nos
673 3998 855 4052 consulatuum
867 3998 985 4068 ipsorum
993 3997 1111 4051 ordinem
1121 3999 1267 4069 seriemque
1275 4000 1503 4069 perscrutabimur.
1532 3998 1593 4063 Quat

441 4085 545 4155 quidem
557 4083 678 4137 historiae
690 4100 750 4154 pars
762 4099 822 4136 cum
833 4082 950 4137 maxima
959 4084 988 4135 in
999 4083 1156 4137 obscuritate
1172 4089 1200 4136 et
1215 4082 1397 4139 dissidentium
1412 4085 1481 4141 inter
1496 4102 1525 4139 se
1538 4081 1592 4136 stri·

440 4176 544 4240 ptorum
555 4169 678 4223 varietate
690 4170 776 4239 posita
787 4169 832 4233 sit,
841 4186 889 4223 nos
899 4168 1082 4221 consulatuum
1090 4169 1190 4238 aliquot
1199 4168 1344 4223 indiculum
1354 4169 1544 4224 subiiciendum
1553 4182 1592 4237 pu·

438 4256 564 4319 mannus,
576 4256 664 4325 paucis
677 4254 710 4307 ad
720 4254 779 4307 illos
791 4253 932 4318 adiunctis,
945 4255 989 4323 qui
1000 4254 1028 4306 in
1038 4252 1177 4325 Epiphanii
1187 4254 1311 4307 laterculo
1323 4254 1446 4325 descripti
1456 4261 1531 4319 sunt;
1541 4268 1592 4323 pro

438 4345 528 4409 pterea
539 4340 608 4409 quod
619 4358 673 4394 non
684 4356 774 4393 omnes
785 4338 877 4393 iisdem
890 4339 984 4409 quibos
994 4340 1038 4392 ille
1050 4355 1118 4394 coss.
1129 4344 1221 4392 natum
1232 4354 1289 4392 esse
1301 4337 1432 4395 christum
1440 4340 1592 4395 existimant

438 4422 472 4476 Et
482 4430 512 4478 ut
522 4426 549 4478 in
561 4441 627 4478 coss.
637 4424 783 4495 digerendis
792 4425 902 4478 uarietas
912 4439 979 4493 quae
986 4424 1023 4477 sit
1032 4423 1113 4477 lector
1123 4423 1265 4493 intelligat,
1280 4423 1376 4493 triplici
1386 4424 1430 4479 filo
1445 4424 1591 4479 laterculum

438 4511 580 4566 texuimus.
603 4510 691 4563 Prima
701 4511 781 4564 series
793 4526 859 4563 coss.
870 4507 950 4561 habet
960 4525 994 4560 ex
1005 4507 1158 4577 Capitolinis
1169 4508 1255 4563 Fastis
1266 4514 1416 4579 excerptos,
1426 4508 1591 4563 cuiusmodia

438 4590 547 4663 sigonio
557 4602 583 4648 et
592 4594 698 4649 Onufrio
708 4596 735 4649 in
744 4595 829 4649 Fastis
843 4592 1005 4659 exhibentm,
1021 4594 1103 4645 altera
1114 4609 1149 4646 ex
1156 4592 1307 4665 Epiphanii,
1322 4594 1399 4649 tertia
1412 4608 1448 4649 ax
1461 4594 1591 4649 summo

438 4675 599 4749 Siculorum,
611 4682 666 4735 sive
677 4680 846 4734 Alexandrini
858 4678 991 4743 Chronioi,
1002 4678 1149 4733 autoritate.
