3650 5642
447 590 514 647 OXL

446 747 567 803 eiuscius
575 747 638 803 anni
645 746 757 813 formae,
769 762 835 817 quae
842 761 933 819 parem
941 746 1033 801 sideria
1043 746 1179 817 utrimque
1191 746 1326 817 specimen
1337 742 1475 815 agnoscit,
1484 742 1516 795 ad
1524 741 1583 794 luia

446 848 508 887 sam
518 832 652 903 eramque
664 831 815 905 serapim
826 814 903 904 puls
915 837 956 887 ot
966 832 1074 887 nunu.
1109 831 1162 887 sas
1176 848 1260 902 nequa
1278 830 1312 885 as
1324 830 1355 885 a
1364 830 1461 884 soso
1470 826 1584 897 ruore

446 918 537 973 udoni
553 918 599 971 illa
613 918 733 989 periodus
750 919 838 972 utilior
849 925 895 973 est
930 916 1056 989 Teknpba
1065 919 1151 989 prima
1161 917 1194 973 ll.
1203 916 1292 971 Addae
1302 917 1422 970 veredis
1432 914 1502 967 eadit
1510 914 1535 966 iu
1543 928 1587 963 am

445 1009 550 1057 noctem
563 1019 628 1073 quae
639 1009 728 1057 secute
739 1009 780 1057 cst
789 1004 897 1059 Kalend.
907 1005 968 1074 dpr.
981 1019 1051 1057 anno
1062 1004 1146 1073 primo
1157 1002 1255 1074 periodi
1265 1001 1402 1067 Iudaicae,
1419 1000 1531 1055 Iulianae
1542 1014 1589 1049 ruo
1618 1055 1620 1062 ¹

446 1088 518 1153 954,
534 1090 606 1158 cyclo
618 1089 682 1142 eolis
694 1088 731 1153 2.,
747 1090 825 1143 lunae
836 1090 861 1145 4.
874 1087 1001 1159 'lekupbu
1014 1088 1159 1143 solstitialia
1173 1088 1235 1142 lnlii
1245 1086 1284 1151 2.,
1299 1087 1466 1141 autumnalis
1475 1084 1530 1139 usi
1539 1083 1590 1143 Oct
1618 1129 1620 1158 :

446 1175 570 1229 brumalia
587 1173 628 1229 31.
640 1174 743 1229 Decem.
777 1175 855 1229 Porro
867 1172 1008 1245 Tekuphae
1023 1174 1183 1229 autummlie
1199 1172 1332 1227 obmctm
1345 1172 1413 1237 init,
1431 1177 1464 1225 ut
1478 1170 1593 1238 θοιὶίςυν
1618 1187 1620 1246 j

445 1260 544 1331 placet,
556 1258 581 1315 3.
595 1260 619 1315 e.
632 1260 674 1326 41,
688 1261 727 1315 14.
739 1260 803 1331 ipsis
815 1260 872 1313 Kal
882 1260 997 1325 Octobr„
1012 1258 1063 1313 lroc
1078 1266 1119 1314 eet
1132 1258 1203 1313 boris
1214 1259 1231 1312 9
1242 1259 1377 1315 nocturnis
1390 1264 1456 1328 poet
1467 1274 1528 1310 ιιι
1536 1254 1594 1322 aspa
1618 1257 1620 1308 ζ

446 1346 527 1411 diem,
539 1345 604 1399 laria
614 1345 651 1412 3.,
663 1348 737 1415 cyclo
749 1346 811 1400 eolis
822 1364 846 1410 1,
855 1346 894 1400 lit.
903 1345 932 1399 F.
955 1346 1074 1399 Vernalis
1085 1343 1224 1416 Teknplrae
1234 1344 1365 1398 character
1376 1349 1424 1397 est
1432 1341 1493 1395 ια
1500 1341 1525 1395 O.
1535 1339 1595 1393 iniu'o
1618 1347 1620 1390 ε

445 1432 542 1497 anau,
554 1448 620 1501 quse
632 1437 722 1485 secuta
733 1438 773 1485 ast
783 1436 843 1502 poet
853 1430 988 1485 meridiem
998 1430 1077 1502 primi
1087 1431 1183 1501 Aprilis
1193 1430 1252 1484 dici.
1273 1430 1315 1483 Ab
1325 1429 1376 1483 boc
1387 1445 1462 1482 auno
1473 1427 1507 1480 ad
1518 1424 1596 1478 curui
1618 1419 1620 1480 ἶ

446 1532 583 1582 occurs,
599 1518 654 1571 sire
665 1516 799 1571 Iudaicum
810 1516 898 1581 4105,
918 1517 998 1585 cyclis
1010 1532 1092 1571 coxrr
1103 1516 1212 1587 elapsis,
1227 1515 1362 1585 προήγησις
1373 1514 1453 1567 iacta
1461 1520 1504 1566 eet
1512 1512 1597 1563 diersa
1618 1538 1620 1586 3

446 1620 508 1669 riu,
525 1602 603 1657 borae
617 1604 638 1655 1.
673 1604 757 1666 Quare
769 1602 928 1655 autumnalis
938 1600 1064 1672 Telrupba
1074 1600 1105 1655 R.
1113 1600 1202 1655 dddae
1211 1599 1309 1653 incidet
1323 1600 1351 1652 in
1362 1616 1444 1654 xvrsr.
1453 1599 1538 1669 Sept,
1552 1612 1597 1645 ⁸01·
1618 1627 1620 1630 ·

445 1688 513 1741 nulia
524 1689 552 1742 in
563 1706 618 1743 ιιι.
631 1689 672 1741 rel
683 1706 727 1741 ιι.
740 1687 834 1741 ldurb'i.
868 1687 937 1751 Quid
951 1688 1032 1758 igitur
1048 1686 1082 1741 ad
1098 1684 1251 1756 'lekupbam
1266 1685 1298 1739 R.
1312 1684 1404 1737 addae
1420 1682 1542 1755 periodus
1556 1681 1597 1732 istu
1618 1715 1620 1718 -

445 1770 557 1838 confert,
573 1788 640 1843 quae
656 1772 690 1825 ab
702 1771 804 1825 Octobr.
813 1790 859 1827 sn.
872 1772 906 1825 ad
917 1772 988 1843 Sept.
997 1790 1070 1827 mv.
1081 1771 1289 1842 praecessionem
1300 1769 1397 1823 babet?
1436 1769 1474 1823 Ut
1485 1769 1550 1821 euin
1558 1766 1597 1817 ts
1618 1829 1620 1834 Ι

445 1856 539 1929 kupliis
550 1858 582 1914 Β.
592 1858 680 1912 Addae
691 1858 787 1910 serviro
797 1858 892 1927 possit,
909 1858 1010 1929 periodi
1020 1858 1124 1911 initium
1134 1874 1187 1911 non
1199 1856 1232 1909 ab
1244 1854 1365 1909 Octobris
1373 1873 1436 1921 vra,
1452 1855 1503 1909 scd
1513 1854 1544 1906 ab
1554 1852 1597 1903 eius
1618 1911 1620 1914 ¹

445 1943 567 1997 Kalendis
579 1942 760 1996 arcessendum
771 1941 857 1997 inerit.
891 1942 1026 1997 Praeterea
1035 1942 1129 1996 veteris
1145 1942 1209 1995 anni
1218 1941 1318 1995 Iudaici
1327 1940 1493 2012 principium
1504 1938 1597 2009 gretiss
1618 1933 1620 1960 ³

445 2028 578 2098 Scaligero
591 2028 761 2081 coustitutum
772 2032 812 2081 est
823 2026 942 2081 Octobris
950 2044 995 2082 arr.
1029 2027 1120 2098 Neque
1136 2027 1207 2081 enim
1220 2032 1374 2097 argumento
1386 2026 1444 2080 ullo
1457 2022 1598 2097 npceasauu.

445 2112 492 2168 sed
503 2114 576 2167 inani
586 2130 616 2167 ao
628 2113 696 2167 iales
707 2114 854 2167 coniectura
864 2112 947 2167 fretus
958 2112 1007 2167 hoo
1019 2118 1158 2169 asseverat.

512 2198 580 2253 Nam
590 2200 614 2253 si
625 2200 682 2269 quis
693 2199 761 2253 forte
772 2204 891 2270 quaerat,
907 2214 954 2253 cur
964 2200 1007 2253 ille
1018 2198 1173 2253 ludaeorum
1183 2197 1336 2269 Telephum
1351 2198 1482 2267 primam,
1500 2197 1552 2248 sire
1566 2194 1597 2244 ie·
1618 2207 1620 2212 ·

427 2344 429 2361 1
445 2285 521 2339 iilum
533 2286 608 2351 anui,
620 2286 648 2339 in
660 2285 715 2339 Oct
725 2303 770 2339 vir.
782 2285 916 2349 coniiciat,
933 2285 982 2339 niti
997 2283 1046 2338 hoc
1058 2290 1144 2339 totum
1154 2285 1290 2354 negotium
1303 2284 1416 2355 reperiet
1426 2283 1553 2337 ementita
1562 2278 1598 2329 dle

447 2372 539 2426 Graeci
550 2372 612 2425 anni
623 2377 649 2424 et
661 2370 811 2442 Olympicus
822 2369 921 2442 periodi
931 2369 1121 2435 modulatione,
1134 2386 1211 2441 quern
1223 2370 1344 2424 omnibus
1358 2369 1482 2435 Graecis,
1494 2367 1596 2433 adeoque
1618 2354 1620 2364 ¹

444 2458 644 2523 Macedonibus,
660 2463 717 2510 tum
733 2457 760 2510 in
772 2457 835 2511 daia
846 2456 1101 2525 Syromacedouibus
1117 2462 1145 2509 et
1155 2454 1297 2509 Seleucidia
1315 2472 1486 2509 communem
1498 2470 1552 2507 eme
1562 2466 1597 2501 so
1618 2493 1620 2496 -

445 2545 500 2598 luit.
535 2544 635 2613 Quippe
652 2542 765 2597 Graecos
783 2542 918 2595 existimat
933 2558 1032 2595 annum
1049 2540 1172 2595 babuisse
1188 2541 1330 2613 duplicem,
1347 2541 1505 2611 popularem
1520 2553 1596 2592 unuue

445 2630 500 2683 sire
508 2628 707 2693 utraetericum,
719 2644 770 2697 quo
780 2628 874 2697 vulgus
884 2628 1012 2693 utebatur,
1024 2628 1097 2681 cuius
1107 2644 1210 2681 meuses
1219 2627 1356 2692 tricenarii,
1367 2632 1471 2697 praeter
1481 2625 1597 2681 uitium

445 2714 488 2767 cui
496 2714 604 2767 biduum
612 2713 684 2767 relut
693 2712 843 2783 appendicis
855 2714 937 2767 instar
948 2713 1080 2783 adiungit,
1092 2712 1160 2767 uude
1170 2711 1221 2766 362
1229 2712 1320 2766 diebus
1329 2713 1481 2766 constabat:
1492 2712 1596 2763 innuen
1618 2763 1620 2766 .

444 2798 567 2863 alterum,
585 2815 601 2852 a
613 2814 665 2869 quo
673 2799 744 2852 velut
755 2804 857 2852 stamen
869 2814 885 2851 a
896 2800 1042 2852 subtemine
1058 2799 1097 2853 ita
1107 2798 1241 2868 popularis
1252 2813 1338 2851 annus
1348 2798 1500 2867 implicatur
1509 2811 1541 2849 ac
1549 2808 1596 2863 pu·

444 2884 564 2939 curritur.
587 2882 731 2955 Utrumque
743 2888 826 2937 certos
837 2884 865 2937 in
877 2884 953 2938 orbes
964 2900 995 2938 ac
1006 2882 1126 2953 periodos
1137 2883 1259 2950 includit,
1269 2883 1383 2954 primum
1393 2880 1567 2937 tetraeteridss
1576 2885 1596 2927 et

445 2968 627 3035 ootaiterides,
644 2974 701 3023 tum
717 2968 842 3035 maiores,
859 2974 950 3039 utpote
962 2986 1010 3023 ιιι
1021 2984 1052 3021 ao
1064 2986 1145 3023 uxxvr
1156 2985 1293 3023 annorum.
1327 2968 1379 3021 Sed
1394 2975 1529 3039 postrema
1543 2964 1597 3017 iaec

445 3055 562 3109 oninium
577 3055 605 3109 in
620 3068 688 3110 anno
700 3054 820 3127 populari
835 3054 1008 3109 usitatissima
1018 3054 1081 3119 fuit,
1098 3070 1179 3125 quarn
1195 3071 1256 3108 cum
1272 3055 1350 3108 tacite
1366 3070 1413 3125 per
1428 3049 1596 3109 tetradteridcs

445 3158 507 3197 suae
519 3142 686 3195 observarent
695 3140 853 3196 Graecorum
865 3141 1054 3213 antiquissimi,
1066 3140 1189 3211 Oulippus
1200 3156 1260 3193 eam
1271 3140 1349 3193 certis
1356 3139 1453 3195 tinibus
1465 3152 1596 3194 annorum·
1618 3187 1620 3190 .

445 3244 497 3299 que
513 3228 640 3283 curriculo
657 3227 758 3283 definiit
774 3234 800 3281 et
814 3228 951 3299 periodum
964 3229 1036 3281 illam
1049 3227 1162 3281 instituit
1177 3242 1306 3281 annorum
1318 3243 1411 3290 unm,
1424 3226 1519 3296 inqua
1528 3230 1596 3275 tetra·
1618 3220 1620 3225 ’

445 3314 555 3369 iterides
573 3321 635 3369 sunt
648 3332 707 3380 arx,
724 3315 844 3384 singulae
861 3314 962 3367 dierum
975 3312 1048 3378 1447,
1067 3328 1177 3383 quorum
1193 3311 1317 3365 ordinarii
1332 3317 1395 3365 sunt
1412 3310 1491 3376 1440,
1509 3324 1595 3379 appeu-

445 3400 515 3455 dioee
528 3401 552 3454 7.
586 3400 665 3455 iniis
681 3400 779 3453 mensis
794 3399 923 3453 duntaxat
938 3399 1036 3469 primus
1051 3398 1149 3453 lunaris
1165 3402 1216 3463 est,
1233 3397 1330 3451 caeteri
1340 3413 1400 3451 cum
1411 3396 1542 3451 tricenarii
1552 3394 1595 3445 siut

445 3502 549 3551 omues,
564 3502 581 3539 a
596 3485 682 3539 lunari
696 3485 774 3538 modo
790 3484 919 3554 paulatim
934 3484 1084 3537 abscedunt
1108 3484 1148 3537 lix
1159 3482 1365 3537 tetraiteridibue
1376 3499 1407 3535 ac
1417 3482 1530 3553 periodis
1539 3478 1595 3532 aab

444 3570 596 3639 quissimarn
611 3570 674 3623 iacit
686 3569 876 3639 Olympiacam,
894 3569 927 3622 ad
944 3568 1019 3622 cuius
1036 3570 1201 3641 excomplum
1215 3573 1373 3639 propagatas
1388 3568 1470 3621 credit
1482 3568 1594 3635 reliquas.

445 3654 567 3708 Eiusdem
577 3654 682 3707 initium
693 3654 752 3707 Iulii
762 3671 799 3707 rx.
812 3652 915 3719 delinit,
932 3670 964 3707 eo
980 3654 1049 3723 quod
1061 3653 1207 3725 Olympiaci
1223 3670 1323 3724 agones
1338 3659 1399 3723 post
1413 3654 1541 3707 suatim
1552 3649 1596 3703 sol·

445 3740 545 3794 etitiurn
556 3739 699 3810 plenilunio
715 3738 919 3792 celebrabantur.
953 3738 1101 3793 solstitium
1113 3746 1204 3794 autern
1220 3756 1274 3794 non
1287 3744 1437 3795 accuratum
1453 3755 1537 3809 neque
1551 3744 1594 3789 tro·

445 3826 532 3897 picum
547 3824 682 3895 intelligit,
699 3822 745 3877 sed
761 3827 879 3877 octavam
895 3825 1031 3895 signorum
1042 3831 1151 3895 partem.
1186 3824 1313 3889 Quocirca
1329 3841 1389 3879 cum
1405 3842 1437 3880 eo
1454 3841 1536 3890 anno,
1551 3836 1594 3891 quo

445 3910 524 3983 primi
534 3926 633 3981 agones
645 3911 679 3965 ab
691 3908 774 3981 Iplrito
786 3910 924 3963 instaurati
935 3915 1008 3975 sunt,
1019 3909 1069 3965 hoc
1081 3915 1122 3963 cet
1131 3928 1185 3981 per.
1194 3909 1241 3965 lul.
1250 3909 1339 3975 3938„
1350 3909 1488 3981 Tokuplra,
1498 3912 1551 3965 aire
1560 3922 1594 3959 ee

445 3996 524 4051 cundi
535 3996 686 4066 quadrantis
696 3996 770 4061 finis,
782 4000 809 4049 et
819 4000 913 4050 octava
923 4010 984 4067 pare
994 3996 1085 4050 Cancri
1097 3994 1228 4057 πλοτυκῶς
1240 3997 1268 4051 ἰι
1279 4012 1336 4053 sur.
1343 3996 1404 4050 iulii
1414 3996 1484 4051 dem
1491 3996 1593 4051 ineam

445 4086 497 4149 ret,
508 4082 566 4135 ideo
578 4100 615 4137 ιι.
625 4081 684 4137 lulii
694 4084 793 4154 primus
803 4082 895 4135 solaris
907 4082 970 4135 anni
981 4081 1036 4135 dies
1048 4098 1080 4135 ac
1091 4081 1243 4151 quadrantis
1254 4082 1358 4135 initium
1369 4080 1491 4152 deinceps
1500 4082 1558 4145 tuit,
1570 4078 1592 4130 iu

446 4185 524 4240 quem
535 4167 615 4222 etiarn
626 4168 788 4222 novilunium
799 4166 966 4221 commodum
978 4167 1075 4220 incidit
1098 4168 1139 4220 lta
1153 4166 1253 4236 primus
1269 4167 1438 4221 tetraieteridis
1452 4168 1548 4221 mensis
1560 4165 1592 4217 lu·

445 4254 515 4309 narie
531 4252 630 4317 extitit,
646 4252 716 4323 quod
730 4258 854 4325 perpetuo
869 4257 1002 4307 serratum
1013 4258 1060 4306 cst
1083 4250 1157 4305 Unde
1168 4257 1195 4305 et
1206 4258 1313 4321 quartus
1324 4253 1436 4318 mensis,
1447 4269 1525 4322 quem
1534 4246 1591 4321 apud

445 4338 616 4395 Athenienses
626 4336 834 4408 Pyauopeionem
844 4338 926 4393 inisse
942 4338 1035 4403 credit,
1051 4338 1136 4408 coepit
1152 4336 1342 4401 octobrium,
1358 4344 1420 4409 poet
1434 4337 1590 4393 novilunium

445 4426 530 4497 dtqm
541 4426 570 4479 in
580 4423 649 4478 buno
660 4422 767 4477 modum
778 4425 871 4495 reliqui
881 4440 987 4479 meuses
1003 4430 1031 4477 et
1043 4424 1107 4477 anni
1121 4424 1267 4477 necessario
1278 4429 1416 4488 contextu,
1432 4424 1504 4481 relat
1512 4428 1590 4476 muna

446 4510 559 4581 quadam
571 4508 724 4580 Ohrysippei
739 4509 788 4563 isti
804 4510 917 4565 devincti
932 4514 1084 4579 sequuntur,
1101 4508 1172 4577 quod
1187 4508 1215 4561 in
1231 4509 1316 4578 primo
1332 4508 1366 4563 de
1381 4509 1489 4565 Emcnd.
1500 4508 1588 4563 uberius

445 4598 594 4665 exponitur.
629 4594 727 4649 liudem
743 4596 810 4649 serie
824 4596 963 4650 constabat
972 4595 1060 4649 Attica
1070 4599 1098 4647 et
1107 4593 1276 4647 Macedonica
1285 4595 1416 4664 periodus.
1448 4592 1588 4649 Narnboios

446 4678 657 4753 Ὑπερβιρεταῖος,
675 4680 743 4735 illius
755 4678 944 4752 Ἐκατομβαιὼν
959 4695 976 4733 a
990 4680 1101 4734 solstitio
1112 4678 1203 4733 inibat
1227 4677 1285 4734 lam
1296 4696 1357 4735 raro
1369 4697 1439 4735 anno
1449 4678 1526 4751 Iphiti
1533 4677 1587 4739 165„

444 4765 543 4837 periodi
553 4766 668 4819 Iulianae
680 4766 759 4832 4402,
771 4766 870 4837 periodi
882 4765 1035 4836 Olympicus
1045 4783 1077 4819 ac
1087 4764 1270 4820 Macedonicae
1280 4782 1365 4830 nono,
1381 4766 1517 4821 neomenia
1525 4761 1587 4836 prini

445 4852 542 4907 mensis
560 4851 653 4905 accidit
666 4852 725 4906 Iulii
736 4869 761 4907 x.
796 4851 906 4905 Proinde
922 4858 1030 4922 quartus
1047 4852 1145 4907 mensis
1162 4852 1247 4922 coepit
1258 4850 1377 4905 Octobris
1386 4869 1442 4909 vm.
1476 4850 1526 4907 Sed
1539 4864 1586 4905 suu
