3650 5642
453 604 500 660 Lll

452 758 602 814 nmatione
612 757 734 813 inductus
745 757 945 825 existimsrerit,
956 757 1088 812 merituris
1100 757 1221 812 ommbus
1237 757 1389 828 mysterium
1400 753 1462 810 illud
1475 753 1501 810 in
1516 769 1588 808 suren

452 846 652 900 immurmnreri.
687 843 784 898 Scribit
798 845 869 898 euim
884 844 913 896 τ“ο
932 843 989 915 παρ’
1005 842 1086 895 αὐτῶν
1104 839 1139 896 niel
1155 844 1330 914 ριυστηριωδῶς
1343 843 1475 913 γινόμενοι.
1509 840 1588 892 Vnum

452 937 482 984 ut
493 931 556 984 boec
568 947 640 986 mers
650 930 741 984 fabule
751 930 793 994 sit,
804 930 904 984 nullum
917 929 1021 982 omnino
1034 928 1215 982 sanctissimus
1226 929 1301 982 Peter
1309 929 1413 1000 culpem
1421 926 1469 982 bec
1476 927 1502 980 iu
1512 942 1537 980 re
1544 940 1588 978 sue

407 1060 412 1068 .
451 1017 529 1080 tinet;
542 1017 586 1086 qui
597 1015 667 1086 quod
678 1031 695 1068 o
705 1015 756 1069 lide
768 1015 854 1085 dignis
865 1013 1014 1068 bominibus
1026 1019 1172 1084 acceperet,
1188 1014 1350 1084 simpliciter,
1365 1013 1405 1067 uti
1418 1019 1541 1068 narremur
1550 1009 1590 1062 sbi

452 1107 519 1167 eret,
530 1103 603 1155 nullo
615 1118 663 1155 sne
675 1101 828 1171 interposito
839 1100 934 1154 iudicio
946 1091 1040 1152 retulit
1075 1099 1141 1163 Quid
1153 1105 1193 1154 est
1204 1105 1291 1153 sutem
1302 1115 1347 1154 cur
1358 1098 1389 1152 de
1401 1097 1500 1152 Obside
1510 1096 1590 1168 ρίιιυι-

452 1203 502 1256 qne
514 1187 541 1240 id
551 1187 602 1240 eibi
613 1186 768 1240 Iudaeorum
779 1185 940 1256 peremisse
951 1201 1004 1238 non
1020 1189 1161 1255 putemus?
1186 1183 1276 1255 Neque
1292 1185 1361 1238 enim
1377 1185 1512 1238 mentitum
1525 1181 1591 1234 iulus
1620 1201 1621 1214 υ

451 1269 591 1342 Ιοοορίιοσι
603 1273 724 1326 comitem
736 1272 779 1325 rel
790 1270 957 1326 Geliinienus
968 1270 1017 1322 iste
1029 1270 1081 1324 nisi
1092 1269 1254 1340 impudenter
1265 1269 1377 1324 finxerit.

518 1356 549 1412 N.
562 1375 597 1410 xr.
615 1356 702 1418 Οῐλτως
711 1355 827 1409 ἐπιτελεῖν
836 1353 1057 1426 epotationum]
1075 1355 1159 1408 Variis
1171 1354 1254 1408 modis
1267 1355 1393 1425 explicari
1401 1355 1480 1408 verbs
1488 1354 1535 1408 ists
1544 1367 1592 1422 pot·
1620 1379 1621 1408 ι

450 1449 523 1497 sunt:
543 1443 599 1496 sire
614 1459 645 1496 eo
661 1459 741 1496 sensu
753 1457 831 1511 quem
841 1439 1011 1506 reddidimus,
1027 1441 1082 1494 sire
1093 1455 1171 1510 quem
1183 1439 1320 1494 ὒοιυτιίοσ
1332 1441 1471 1511 expressit:
1489 1437 1531 1491 Str
1540 1440 1591 1489 ests

450 1533 576 1599 sefacere
584 1528 775 1598 praetendebat.

518 1613 564 1665 liet
575 1612 706 1674 ’λζανιτῶν
718 1614 768 1663 τῶν
779 1609 838 1682 παρ’
848 1609 952 1679 sirete]
978 1610 1068 1664 ludaei
1078 1613 1130 1703 Jtn
1143 1618 1237 1668 rorent
1247 1627 1400 1683 synagogae
1410 1611 1552 1666 ministrum
1560 1606 1592 1661 rel

451 1700 591 1754 aedituum.
608 1698 674 1754 Vide
685 1697 770 1752 Illiem
780 1698 809 1750 in
819 1695 918 1750 Tbisbi

518 1784 621 1854 Κόρητιι
631 1783 679 1854 γὰρ
692 1781 766 1833 αὐτου
778 1781 932 1850 κατέστησε]
959 1781 1090 1838 Comitum
1107 1782 1220 1852 dignitus
1235 1781 1320 1836 nudus
1336 1783 1392 1836 sine
1408 1782 1557 1852 megistrsto
1569 1793 1593 1830 sc

449 1870 582 1924 iunctione
593 1870 743 1939 plerumque
754 1868 845 1920 titulus
861 1867 923 1932 iuit3
940 1873 969 1920 ut
984 1884 1017 1920 ex
1029 1865 1209 1922 Theodosium
1221 1867 1314 1921 (lodice
1326 1871 1434 1920 cunsht,
1460 1867 1530 1920 llsne
1540 1863 1594 1916 Cou-

333 1979 336 1985 =
449 1956 580 2008 stantinns
590 1953 734 2024 plerisque,
746 1958 776 2004 ut
786 1951 865 2005 refert
874 1951 1017 2016 Eusebius,
1029 1953 1165 2008 concessit.
1203 1951 1300 2008 Uedem
1312 1969 1358 2023 per
1368 1951 1520 2006 honorarius
1539 1948 1594 2002 cedi·

450 2041 523 2092 cillns
535 2055 551 2091 e
562 2039 678 2108 principe
690 2037 877 2090 conterebatur.
903 2036 961 2101 Qus
976 2037 1008 2090 de
1024 2055 1051 2090 rs
1070 2037 1102 2090 sd
1113 2036 1248 2090 Themistii
1265 2037 1335 2094 Oret.
1349 2055 1383 2090 rr.
1394 2037 1513 2108 pluribus
1524 2035 1595 2104 dispu-

449 2125 571 2176 terimns.
588 2122 639 2176 Ubi
647 2122 774 2176 eiusmodi
785 2122 896 2176 codicilli
908 2121 991 2174 δέλτοι
1001 2121 1150 2193 σρυριίλατοι
1162 2123 1323 2194 appellentur
1335 2121 1596 2189 subeundumque

449 2209 559 2262 ridicule
569 2213 610 2262 est
620 2208 744 2277 anonymi
755 2208 922 2272 coniectoris,
939 2208 983 2277 qui
995 2208 1026 2260 de
1038 2207 1228 2260 Suburbiceriis
1243 2225 1326 2280 nuper
1341 2207 1457 2277 scripsit,
1474 2205 1596 2262 enimn

449 2311 511 2348 cum
520 2295 577 2364 pori
587 2293 749 2364 immdentic
760 2293 907 2348 coniuncte.
926 2291 1230 2362 Scripesret'lbemistius
1243 2293 1366 2346 Oratione
1376 2293 1422 2346 ills
1431 2309 1467 2346 rr.
1478 2308 1539 2363 pig.
1548 2289 1596 2344 edit.

448 2387 553 2434 nostrae
567 2379 635 2444 117,
651 2396 693 2444 sc,
704 2395 764 2430 curn
780 2384 869 2448 posset
880 2377 1001 2431 omnibus
1017 2379 1069 2430 illis
1085 2394 1118 2430 ex
1130 2378 1293 2448 imperatoris
1303 2377 1456 2432 liberalitate
1468 2373 1597 2432 commodis

448 2481 479 2517 ec
489 2465 667 2534 voluptatibus
684 2463 830 2532 delitiisquc
841 2463 950 2533 perfrui,
967 2459 1049 2514 ὁπόσα
1065 2464 1118 2522 ταῖς
1131 2462 1224 2524 δέλτοις
1236 2461 1365 2515 ἀκολουθοῖ
1376 2465 1428 2523 τοῖς
1438 2459 1591 2532 σφυρηλάτοις

448 2549 498 2602 hoc
509 2555 558 2613 est,
566 2567 630 2618 quae
640 2549 741 2601 tabulas
748 2550 809 2600 illas
818 2559 1000 2617 consequuntur
1009 2549 1099 2601 malleo
1108 2550 1221 2612 ductiles,
1234 2549 1416 2602 communibus
1424 2548 1476 2602 illls
1485 2547 1598 2602 metibus
1620 2521 1621 2600 l

447 2635 530 2687 inisse
548 2639 699 2687 contentum
710 2649 775 2702 quos
787 2633 857 2685 cives
869 2633 964 2686 cwtcri
974 2633 1085 2704 publicis
1097 2633 1200 2687 tesseris
1209 2640 1286 2704 etque
1297 2634 1461 2704 imperatoris
1472 2633 1599 2703 largitione
1620 2607 1621 2682 l

448 2723 674 2788 consequerentur.
699 2717 754 2770 Hoc
766 2717 794 2770 in
804 2719 862 2772 leco
875 2716 979 2784 δυίλιοος
991 2715 1161 2788 σφυρηλάτους
1172 2719 1304 2772 coniector
1315 2717 1379 2772 nihil
1391 2719 1463 2774 aliud
1472 2735 1550 2790 quem
1557 2723 1599 2769 tee-

448 2819 520 2856 seras
529 2820 586 2856 esse
597 2802 737 2857 contendit
751 2803 847 2856 Verum
858 2802 921 2872 qnid
932 2817 989 2854 esse
1000 2807 1087 2873 potest
1097 2803 1233 2856 abundus
1245 2820 1323 2874 quam
1335 2820 1368 2857 ex
1379 2805 1486 2858 tesseris
1496 2804 1547 2856 illis
1556 2802 1599 2854 iro·
1620 2793 1621 2864 l

447 2889 581 2942 meutariis
593 2887 695 2940 credere
707 2885 801 2957 ριυιρδν
813 2888 887 2940 illum
899 2885 1039 2958 κατάλογον
1051 2891 1093 2954 τῆς
1104 2891 1194 2959 τρυφῆς
1213 2888 1254 2940 καί
1271 2892 1311 2956 τῆς
1330 2888 1456 2950 εὐπαθείας
1468 2887 1601 2943 retentus

448 2978 544 3044 pessel
569 2973 724 3026 Praesertim
735 2989 808 3037 cum,
823 2973 863 3024 uti
873 2972 941 3036 dixi,
958 2979 1115 3026 tesserarum
1130 2973 1175 3026 illa
1186 2975 1335 3038 commodi,
1352 2989 1418 3044 quse
1430 2990 1492 3028 cum
1503 2973 1600 3028 caeteris
1620 2991 1621 3038 ι

449 3059 597 3112 communis
614 3062 717 3129 cuperet
732 3057 784 3110 illis
802 3062 929 3128 opponet,
950 3074 1017 3128 quse
1034 3061 1086 3118 ταῖς
1104 3056 1200 3119 δέλτοις
1218 3055 1347 3112 ἀκολουθεῖ
1366 3062 1418 3120 τοῖς
1438 3057 1602 3132 ορυρηλάτοιι
1620 3043 1621 3122 l

448 3147 505 3216 Age
516 3162 590 3211 rere,
605 3161 666 3198 cum
678 3143 791 3198 Uretur.
802 3159 864 3214 pag.
876 3142 931 3196 lot.
943 3149 1024 3214 neget
1034 3141 1072 3195 ἐπ’
1084 3141 1159 3214 leston
1172 3147 1202 3215 τῇ
1214 3143 1308 3215 δίλτιρ,
1324 3160 1377 3214 qus
1388 3143 1546 3216 πολυαρχίαν,
1560 3143 1601 3196 boc
1620 3175 1621 3234 ,

448 3237 489 3285 est
499 3230 575 3284 Urbis
586 3231 776 3301 preelectursm
788 3230 948 3294 obtinuerat,
965 3229 1071 3299 gloriari
1082 3244 1151 3293 sese,
1163 3228 1210 3281 sed
1221 3228 1253 3281 de
1265 3229 1317 3282 slis
1327 3229 1428 3299 potius,
1443 3229 1474 3295 ἣν
1487 3229 1534 3282 οὐκ
1545 3227 1602 3280 iscl-
1620 3239 1621 3298 ι

448 3336 509 3384 ncne
521 3315 709 3387 ἐλεφαντουργοί
721 3313 778 3368 οὐδὲ
794 3317 945 3385 χρυσοχόοι,
962 3312 1011 3368 hoc
1026 3319 1067 3368 est
1082 3314 1244 3384 imperatoris
1262 3313 1327 3380 filio,
1343 3329 1421 3384 quem
1436 3329 1534 3385 putus
1550 3313 1603 3368 fidei
1620 3331 1621 3390 ρ

448 3419 511 3455 sure
523 3402 701 3466 commiserat,
714 3406 786 3453 estne
798 3406 828 3452 nt
837 3399 1032 3452 frumentarium
1044 3405 1168 3454 tesseram
1181 3399 1310 3453 coniector
1320 3397 1361 3452 hic
1373 3399 1503 3456 somniet?
1532 3398 1566 3451 Ut
1575 3397 1602 3449 sd
1620 3397 1621 3470 l

449 3485 588 3556 losepbnm
599 3486 716 3549 redeam,
728 3484 818 3538 conler
827 3500 888 3536 cum
898 3483 948 3536 boc
958 3484 1016 3537 loco
1028 3498 1094 3553 quse
1105 3483 1232 3538 Eusebius
1245 3501 1272 3539 rr.
1282 3490 1309 3536 et
1317 3501 1355 3540 ιιι.
1368 3485 1400 3538 de
1408 3485 1469 3538 vite
1481 3483 1604 3540 Constan-
1620 3481 1621 3556 l

448 3570 497 3622 tini
508 3570 595 3636 refert,
607 3576 703 3640 qnsnto
714 3568 756 3621 hic
768 3566 1007 3621 constituendarum
1018 3569 1114 3638 ubique
1126 3569 1291 3623 ecclesierum
1303 3569 1389 3624 studio
1397 3568 1555 3640 flegrsrerit,
1568 3575 1604 3622 ut·
1620 3557 1621 3608 l

448 3671 499 3724 qne
510 3654 615 3707 eusdem
626 3653 735 3724 publicis
748 3653 895 3722 sumptibus
907 3651 1070 3706 exaedificari
1081 3653 1198 3708 voluerit.
1620 3651 1621 3718 l

514 3739 546 3794 N.
557 3757 604 3792 ιιι.
623 3736 758 3806 inceditur
771 3736 797 3788 'dt
806 3738 900 3804 τοῦτο]
917 3737 994 3790 Ιίοηο
1005 3737 1166 3808 Ποστούμιον.
1184 3739 1270 3794 Hebes
1280 3738 1323 3794 hic
1333 3756 1417 3814 nqueo
1429 3741 1604 3796 benedictione
1620 3729 1621 3772 3

447 3829 612 3878 comentatus
629 3840 707 3876 usum
721 3822 852 3892 insignem
868 3829 947 3892 etque
964 3821 1085 3877 fructum.
1120 3823 1180 3892 Cui,
1202 3841 1260 3880 cum
1277 3825 1341 3880 brec
1358 3827 1511 3892 scriberem,
1529 3827 1603 3880 affine
1620 3885 1621 3890 ἵ

447 3910 570 3980 quiddam
582 3925 612 3962 ec
624 3909 759 3979 geminum
770 3908 881 3961 occurrit
892 3906 961 3978 spud
972 3906 1093 3986 l'hotium
1104 3927 1130 3964 n.
1141 3926 1212 3976 xcrr,
1224 3927 1257 3964 ex
1271 3911 1382 3982 Georgio
1392 3912 1570 3968 Alexcudrino
1580 3913 1604 3964 iu
1620 3903 1621 3906 '

447 3995 519 4047 Actis
531 3992 750 4063 S.Ghrys0stomi.
768 3991 818 4046 Ubi
828 3993 896 4048 iuter
906 3991 1122 4048 csetercllucliec
1133 3995 1267 4050 cuiusdam
1277 3996 1362 4050 tilium
1371 3997 1451 4052 refert
1460 4013 1478 4050 s
1488 3997 1605 4066 lebry-
1620 4019 1621 4024 ¹

447 4085 563 4135 sostomo
580 4094 678 4149 eques,
696 4080 738 4132 cui
755 4079 861 4149 signnm
878 4078 961 4131 crucis
978 4078 1155 4150 impresserst,
1173 4081 1322 4152 aspersione
1342 4081 1554 4154 desperetissimn
1573 4084 1621 4136 sb,

447 4165 539 4221 morbo
551 4164 697 4218 liberatum.
776 4186 779 4194 ¹
1620 4149 1621 4176 ί

514 4249 546 4304 N.
558 4267 611 4303 xcv.
629 4241 667 4301 Οὔ
678 4248 693 4315 ἡ
705 4252 785 4319 γεῦσις
796 4242 826 4316 ἦν
838 4252 882 4301 τοῦ
897 4245 998 4318 piretu]
1024 4247 1074 4314 Qui
1090 4255 1145 4305 torn
1160 4251 1273 4306 absurdo
1288 4253 1500 4325 iuterpretclionc
1516 4254 1605 4308 fucum
1620 4243 1621 4246 Ἴ

361 4365 384 4406 p,
392 4355 423 4398 ss,
448 4335 508 4391 huic
523 4337 581 4390 loco
593 4334 725 4388 faciebant
735 4333 870 4398 haretici,
887 4333 921 4386 ed
933 4349 964 4386 es
975 4335 1146 4405 respiciebant
1158 4351 1224 4406 quse
1235 4335 1318 4392 Erod.
1329 4357 1383 4395 rvr.
1396 4337 1562 4395 stilorum.
1576 4339 1605 4392 ds
1620 4357 1621 4386 ι

447 4439 544 4477 menna
554 4423 689 4490 legentum
699 4420 773 4473 cuiue
784 4425 877 4489 gustus
888 4418 970 4472 luisse
981 4419 1074 4476 dicitur
1082 4418 1116 4480 ὡς
1127 4417 1206 4490 trapis
1216 4418 1240 4472 iv
1249 4419 1333 4494 ίλιίιρ.
1351 4423 1402 4478 Sed
1413 4439 1462 4478 nee
1471 4425 1563 4478 miuus
1574 4426 1605 4478 ri·
1620 4451 1621 4454 ¹

447 4508 532 4561 dicule
542 4507 624 4561 nostri
634 4504 758 4574 temporis
768 4502 892 4558 baeretici
902 4503 1008 4574 quidum
1019 4520 1110 4558 rocem
1121 4501 1220 4575 ἀκρίδας
1231 4507 1371 4578 deprecare
1382 4511 1470 4564 consti
1479 4516 1552 4564 snut
1620 4523 1621 4526 ’

514 4591 546 4645 Π.
558 4610 600 4647 xv.
618 4591 728 4660 Χρῶυται
740 4586 766 4640 bl
778 4589 819 4641 καί
836 4586 922 4650 ἄλλοις
934 4589 1000 4656 τισί]
1026 4589 1065 4643 De
1081 4589 1147 4644 libro
1165 4591 1209 4661 qni
1226 4591 1338 4663 Περίοδοι
1354 4593 1447 4665 Πέτρου
1462 4579 1621 4667 mseriptus

448 4683 504 4730 eret
513 4677 632 4730 meminit
642 4673 736 4728 Athen.
746 4674 775 4727 iu
785 4672 850 4743 Spu.
862 4681 889 4728 et
904 4675 972 4728 inter
986 4673 1134 4746 spocrppbs
1150 4691 1209 4730 cum
1221 4678 1277 4732 eliis
1289 4685 1414 4735 recenset.
1443 4680 1531 4736 Veluti
1541 4688 1606 4734 snut

447 4761 559 4832 Περίοδοι
578 4759 685 4831 Πέτρου,
701 4758 812 4829 Περίοδοι
827 4755 955 4830 Ἰωάννου,
971 4759 1083 4831 Περίοδοι
1100 4757 1191 4832 Oropi,
1209 4761 1360 4835 Εὖσιγγίλιον
1375 4763 1439 4818 κατὰ
1452 4763 1544 4836 tout,
1564 4768 1606 4818 Δι-

400 4845 403 4854 ’
447 4845 513 4919 δυχὴ
525 4844 696 4916 ’isontium
707 4843 903 4915 Κληρίυτιιιοίσ.
932 4883 936 4892 ‚
