3650 5642
1294 618 1453 682 CXV'

232 778 371 851 ltquinque
381 781 440 853 plue
456 782 545 837 miuus
562 780 638 835 aunis
650 780 693 847 τὴν
705 778 836 850 ἐπιτροπὴν
848 781 1053 846 adminietsarit3
1069 781 1139 852 qnod
1155 780 1240 835 innuit
1254 780 1366 853 Epipha-

232 866 284 920 nius
300 864 350 919 ced
359 866 428 919 idem
438 865 628 931 hallucinatus,
640 866 740 937 opinor,
751 884 799 936 pro
810 867 876 921 Iulio
889 865 1000 921 Caesare
1011 867 1160 937 Angustum
1171 868 1286 937 scripsit,
1299 867 1368 936 quod

232 948 371 1021 matheum
381 952 546 1005 meminisset
561 952 640 1005 etiam
656 952 816 1022 inAegypto
832 958 859 1005 et
870 952 1043 1007 Alexandriae
1059 953 1158 1006 bellum
1172 953 1295 1022 gessisse.
1317 953 1368 1005 De-

232 1034 276 1086 inde
286 1052 361 1105 neque
370 1036 434 1091 illud
445 1052 538 1091 verum
549 1042 600 1102 est,
614 1036 739 1091 Iudaeam
750 1042 811 1107 post
821 1038 955 1091 Actiacam
966 1038 1072 1094 demum
1082 1038 1219 1091 vintoniam
1230 1037 1263 1089 ad
1273 1036 1368 1091 Roma·

232 1136 267 1171 res
275 1122 412 1189 peneuiase
428 1126 455 1175 et
466 1120 593 1193 isdpcpev
610 1121 705 1187 fuisse,
723 1138 784 1177 eum
801 1121 927 1177 hactum
943 1123 1056 1177 societas
1072 1123 1262 1177 intercessisset
1277 1138 1309 1175 ac
1324 1124 1369 1175 tri-
1412 1148 1421 1159 =

233 1204 280 1257 tuta
293 1207 342 1259 sire
356 1208 442 1277 potius
455 1222 567 1261 munera
577 1206 757 1277 penderentur.
779 1206 882 1261 Etenim
893 1208 973 1278 longe
984 1214 1045 1261 ante
1055 1223 1173 1279 pugnam
1184 1209 1317 1262 Actiacam
1328 1207 1370 1261 In·

232 1287 281 1341 daea
289 1290 458 1345 humorum
468 1292 496 1345 in
507 1297 664 1363 potestatem
674 1292 747 1347 vonit
763 1297 791 1345 et
809 1293 907 1347 tributa
921 1294 1054 1363 persolvit.
1087 1292 1203 1357 Primus,
1218 1294 1271 1347 nisi
1286 1293 1370 1358 lallor,

231 1372 345 1445 Pompeius
361 1374 485 1431 Cicerone
502 1384 530 1431 et
539 1377 652 1433 Antonio
670 1394 738 1433 cosa.
756 1376 834 1432 Urbis
845 1378 903 1431 791.
919 1378 1105 1448 Hierosolymis
1125 1380 1284 1449 expugnetis
1303 1378 1371 1446 hanc

231 1460 296 1527 ipram
304 1462 393 1515 urbem
402 1464 559 1533 vectigalem
569 1462 686 1517 reddidit
713 1460 840 1533 Iosephus
851 1464 896 1517 lib.
905 1480 959 1520 arv.
972 1480 1029 1534 cap.
1037 1482 1093 1518 nu:
1111 1463 1152 1515 ael
1167 1462 1198 1515 τὰ
1210 1464 1253 1534 ple
1264 1462 1370 1533 Ἱεροσό-

232 1542 282 1613 hrpa
292 1544 393 1613 ὑποτελῆ
405 1549 484 1617 φόρον
493 1546 626 1618 Ῥωμαίοις
639 1544 757 1613 ἐποίησεν.
780 1548 857 1602 Mox:
870 1548 960 1601 τούτου
971 1553 1016 1601 τοῦ
1028 1546 1120 1609 πάθους
1129 1552 1182 1609 τοῖς
1191 1547 1371 1619 Ἱεροσολύμοις

233 1630 286 1681 ahur
297 1632 444 1698 αατίστηααν
453 1632 572 1704 Ὑρκανὸς
584 1632 625 1687 aul
633 1631 821 1703 Ἀριστόβουλος
830 1632 891 1704 πρὸς
903 1632 1027 1700 ἀλλήλους
1039 1632 1219 1694 στασιάσαντες·
1231 1635 1275 1699 τήν
1287 1652 1313 1686 τε
1324 1634 1371 1705 γὰρ

232 1710 344 1785 Anapias
363 1712 517 1787 ἂναβὰλομν
535 1718 575 1769 ael
592 1717 696 1784 ὑπήκοοι
708 1716 840 1788 Ῥωμαίων
856 1718 1015 1790 κατέστημεν.
1048 1720 1131 1789 Igitur
1146 1718 1180 1773 ab
1195 1720 1239 1772 ille
1252 1725 1371 1789 tempore

232 1796 333 1855 Romame
348 1800 444 1855 ludaea
459 1803 547 1873 paruit
561 1820 611 1857 nec
626 1820 689 1857 euos
705 1818 781 1873 reges
797 1802 902 1869 habuit,
919 1796 968 1857 etsi
983 1803 1134 1873 aliquandiu
1149 1802 1291 1859 conflictati
1302 1811 1371 1858 sunt

231 1883 328 1951 lipsano
337 1887 441 1957 quidem
453 1886 621 1957 pontificatus
638 1889 743 1942 relictus
760 1894 812 1953 est,
829 1904 846 1942 a
862 1888 973 1943 Gabinio
989 1890 1142 1959 praesertim
1159 1890 1215 1959 qni,
1231 1895 1261 1943 nt
1275 1904 1333 1959 cap.
1345 1907 1371 1943 r.

231 1968 319 2025 ihm.
333 1973 435 2037 scribit,
452 1973 567 2043 quinque
584 1972 713 2042 synedriie
728 1974 756 2027 in
767 1973 863 2027 Iudaea
879 1975 1011 2028 collocatis
1028 1976 1219 2029 aristocratiam
1229 1976 1371 2029 constituit

232 2052 345 2110 loethoeo
356 2058 481 2111 mucram
491 2058 641 2127 Hyrcanum
652 2058 799 2113 Alexander
810 2064 837 2113 et
844 2060 993 2129 Antigonus
1004 2059 1148 2114 Aristobuli
1157 2059 1205 2113 filii
1215 2061 1316 2131 aliquot
1327 2078 1372 2132 an,-

232 2140 262 2191 aie
271 2148 404 2208 cenarum,
415 2142 561 2214 iisdemque
572 2160 619 2214 pro
630 2144 751 2213 Hyrcano
762 2149 867 2197 strenue
878 2144 1014 2214 Antipater
1024 2145 1133 2210 rostitit,
1149 2146 1193 2214 qni
1205 2161 1221 2198 a
1231 2145 1297 2199 Iulio
1310 2146 1373 2199 Gae·

233 2238 276 2276 aare
284 2227 422 2295 peeteaals
434 2225 566 2299 inerpertis
577 2235 670 2283 nactus
683 2236 723 2283 eet
738 2245 769 2283 ac
779 2246 826 2301 per
838 2229 908 2283 idem
919 2234 1024 2300 tempus
1037 2230 1127 2300 populi
1135 2230 1211 2285 Rom.
1220 2232 1373 2285 societatum

234 2317 252 2359 tt
259 2312 387 2367 mititiam
397 2314 556 2384 impetrarit
578 2313 617 2367 De
635 2331 686 2385 quo
704 2314 838 2385 complura
850 2314 969 2369 Caesaris
981 2315 1085 2369 decreta
1096 2316 1165 2385 apud
1176 2315 1316 2386 losephnm
1328 2334 1372 2370 ex·

234 2402 276 2447 aut
284 2398 323 2452 hh.
332 2416 385 2455 mr.
398 2415 456 2469 cap.
465 2416 530 2453 xru.
552 2398 606 2453 Sed
616 2399 779 2453 antecedenti
795 2401 881 2469 eapite
894 2398 998 2469 losephi
1015 2417 1050 2453 an
1060 2401 1159 2454 librarii
1169 2398 1373 2455 hallucinatione

234 2480 318 2547 addit,
332 2490 361 2537 at
376 2500 436 2539 eum
451 2489 559 2538 senatus
570 2484 701 2538 demotum
718 2484 750 2537 de
760 2485 842 2539 muris
853 2486 1095 2554 Hierosolymorum
1105 2484 1251 2539 reficiendis
1262 2487 1295 2538 ab
1308 2486 1373 2555 llyr-

234 2580 284 2619 earu
294 2568 389 2623 iuniore
403 2570 574 2640 impetratum
584 2570 663 2623 vellet
674 2570 830 2635 athorihere,
848 2570 920 2623 aliud
937 2570 1112 2636 subinnxerit,
1130 2570 1245 2641 quodtin
1261 2573 1374 2640 gratiam

234 2649 325 2717 llpcmi
339 2655 447 2709 nemoris
456 2654 557 2709 iactum
567 2654 665 2719 inerat,
682 2656 725 2709 eui
736 2656 846 2709 alterum
857 2654 1056 2709 Atheniensium
1066 2654 1228 2725 psephisma,
1244 2656 1314 2725 quod
1331 2672 1374 2711 eo-

234 2733 278 2789 dan
286 2740 438 2807 pertinebat,
450 2740 597 2811 adscripsit
616 2740 689 2805 Quod
701 2741 806 2809 quidem
817 2740 930 2795 Eusebio
941 2740 1027 2794 irandi
1041 2740 1094 2793 tuit
1109 2741 1155 2811 qni
1170 2740 1204 2793 ad
1214 2743 1314 2795 ahnnm
1324 2747 1374 2795 ter·

235 2822 283 2875 tiam
296 2824 352 2877 lulii
368 2824 501 2891 01111111,
518 2825 621 2896 Olymp.
636 2840 782 2881 onmem.
799 2825 1056 2904 tertiumpadootat,
1077 2825 1210 2879 decretum
1225 2833 1332 2881 senatus
1348 2832 1376 2881 et

235 2904 408 2965 Atheniensium
424 2911 458 2965 ad
469 2911 579 2965 ludaeos
596 2926 653 2965 ease
668 2912 790 2975 missum,
807 2911 851 2980 qui
867 2926 913 2980 per
927 2910 1030 2979 legatos
1046 2911 1188 2965 amicitiam
1204 2914 1374 2981 postularant.

235 2990 275 3045 lieo
283 3010 337 3049 rero
348 2996 394 3049 diu
403 3001 467 3049 aute
477 3001 582 3066 gestum
594 3002 650 3050 erat
661 2996 710 3049 sub
721 2996 842 3064 Hyrcano
854 2996 969 3060 seniore,
980 3001 1011 3047 nt
1021 2995 1103 3048 cuivis
1114 3002 1230 3066 apparet.

284 3080 347 3135 llaec
357 3082 448 3151 imque
459 3081 571 3135 societas
586 3086 627 3135 est
642 3082 689 3135 illa
704 3086 730 3133 et
741 3080 857 3133 amicitia
868 3096 947 3149 quam
959 3080 1009 3133 sub
1019 3081 1134 3149 Augusti
1143 3082 1247 3156 initium
1257 3083 1324 3136 inter
1335 3082 1376 3138 In-

236 3160 296 3217 teres
305 3172 330 3219 at
339 3166 474 3221 Ramnes
485 3167 658 3219 instauratam
669 3165 747 3219 docet
755 3164 929 3235 Epiphanius,
941 3180 1009 3233 quae
1020 3165 1055 3217 ad
1062 3165 1123 3217 lnlii
1131 3164 1250 3219 &eserie
1259 3173 1377 3238 tempora
1401 3195 1423 3236 p.
1432 3182 1476 3224 aas.

238 3244 295 3301 debet
303 3252 403 3318 relmri,
415 3268 476 3305 cum
484 3252 621 3321 Hyrcanae
632 3250 787 3305 Indaeorum
796 3250 919 3320 pontifex
930 3255 957 3303 et
967 3248 1108 3301 ethnarcha
1119 3250 1208 3303 abillo
1219 3253 1375 3307 constitutus

238 3340 272 3387 tet
291 3336 324 3389 Ac
338 3343 396 3390 turn
413 3337 519 3407 quidem
535 3336 652 3391 nonnihil
667 3337 759 3390 tributi
770 3336 876 3389 nomine
887 3334 1136 3403 Hierosolymitanoe
1148 3335 1308 3405 Iudaeosque
1320 3354 1377 3390 cac·

238 3422 289 3470 terea
301 3422 444 3490 pensitasse
459 3419 584 3492 losephus
600 3422 699 3475 indicat
715 3422 799 3492 capite
814 3420 859 3474 illu
872 3438 948 3483 xum,
966 3419 1017 3473 etei
1031 3420 1190 3489 perobscura
1204 3426 1265 3473 sunt
1275 3419 1376 3475 Infima

238 3500 450 3578 talemquese
461 3522 493 3561 eo
504 3508 562 3561 loco
574 3512 819 3561 commemorantur.
841 3506 1017 3575 Posteaquam
1028 3521 1089 3559 vero
1100 3505 1254 3583 ludaeorum
1265 3523 1377 3577 regnum

238 3586 385 3645 aarum
395 3594 552 3647 umalatnrn
563 3598 615 3658 est,
626 3609 680 3646 non
691 3598 754 3662 puto
766 3591 899 3645 Romnum
909 3592 1037 3645 hibntum
1048 3590 1082 3643 ab
1092 3590 1144 3644 illis
1156 3592 1289 3661 exegisse,
1307 3592 1377 3663 qnod

239 3670 289 3727 heo
298 3676 438 3749 ethplero
447 3677 556 3743 ridetur,
568 3694 629 3731 curn
637 3677 732 3731 Iudaea
743 3676 859 3731 nondam
871 3682 942 3731 esset
950 3677 978 3729 in
986 3676 1100 3730 formam
1107 3678 1256 3746 prouinciae
1264 3678 1376 3731 redacta.

239 3755 303 3817 λῦτο
312 3778 358 3815 uec
369 3763 398 3817 iu
409 3762 455 3817 illa
465 3764 550 3833 priore
562 3761 662 3827 Quirini
674 3762 845 3833 descriptione
856 3762 984 3815 tributum
994 3762 1079 3815 ullum
1089 3778 1196 3817 necesse
1210 3765 1378 3833 estparsolu-

240 3849 280 3897 11111
288 3847 393 3901 credas.
420 3847 477 3912 Quo
489 3848 577 3903 minus
589 3848 716 3901 ementior
729 3846 873 3919 Epiphanio
886 3848 932 3917 qui
943 3853 999 3901 tum
1011 3848 1053 3900 vel
1063 3848 1180 3901 maxime
1191 3848 1288 3901 tributa
1299 3865 1316 3901 a
1326 3849 1378 3902 Ro-

239 3932 304 3983 neus
317 3933 444 4003 imperata
460 3933 550 3987 scribit
570 3938 596 3987 et
612 3950 677 3989 unx
688 3932 777 3997 mnis,
794 3933 839 4001 qui
854 3932 887 3985 ah
899 3931 1006 3985 Actiaca
1021 3932 1094 3986 clade
1109 3932 1143 3985 ad
1153 3934 1268 3987 natalem
1279 3934 1379 3987 domini

239 4009 360 4083 1111111111,
376 4016 503 4089 indpcpoa
519 4016 617 4079 τελείως
632 4016 812 4087 παραδοθεῖσαν
829 4015 961 4086 Ῥωμαίοις
976 4016 1099 4069 Iudaeam
1113 4017 1204 4073 fnisse.
1227 4019 1307 4088 Atqui
1318 4024 1378 4088 post
1487 4086 1491 4089 -

240 4094 399 4171 Pompeianam
415 4103 551 4157 rictor'mau
566 4118 597 4155 ac
613 4104 726 4173 priorem
742 4101 835 4155 ἅλωσιν
851 4118 986 4171 nunquam
1002 4101 1099 4153 Iudaea
1114 4102 1202 4155 minus
1217 4104 1268 4157 sub
1282 4104 1378 4157 Romu

240 4196 311 4239 mrum
325 4189 472 4259 principum
485 4193 615 4259 potestate
624 4190 667 4241 rel
682 4188 905 4241 administratione
921 4188 972 4239 fnit
987 4201 1068 4255 quarn
1078 4186 1186 4240 Herodis
1197 4189 1242 4241 illo
1253 4195 1378 4257 tempore,

242 4274 367 4334 meorum
377 4280 440 4344 pest
448 4274 582 4329 Actiacam
593 4289 722 4343 pugnam,
738 4288 798 4327 cum
815 4272 883 4343 apud
895 4274 1044 4340 Angustum
1059 4270 1186 4340 imprimis
1202 4274 1246 4326 ille
1257 4273 1342 4341 gratia
1353 4275 1379 4323 et

241 4358 355 4411 aaziae
365 4357 476 4413 hereret
510 4357 581 4411 Nulli
592 4358 680 4428 itaque
691 4356 803 4411 Romani
815 4358 997 4427 magistratus,
1012 4355 1145 4425 praesides
1162 4357 1240 4420 nulli,
1256 4356 1379 4409 Iudaeam

243 4436 396 4511 tifilam,
413 4460 462 4499 uec
477 4444 632 4513 alii,.qucm
649 4442 849 4497 eahaerdinarii
863 4440 991 4511 ἡγεμόνες,
1009 4438 1058 4494 hoc
1073 4446 1115 4493 eat
1124 4441 1255 4511 praesides
1266 4441 1308 4493 vel
1318 4457 1378 4510 pre-

242 4534 362 4593 meres,
377 4528 419 4584 rel
430 4530 549 4583 unirerse
561 4544 621 4583 cnm
632 4532 761 4599 potestate
772 4528 860 4598 aliqua
871 4527 959 4591 missi,
974 4526 1055 4579 ullam
1068 4526 1178 4579 Herodis
1188 4525 1217 4579 in
1227 4540 1308 4595 reguo
1320 4526 1378 4580 iun-

243 4608 331 4666 rtienem
338 4614 602 4669 autinrisdicticuem
613 4618 793 4667 exercuerunt.

292 4698 321 4751 At
329 4700 360 4753 in
367 4700 512 4755 Amalthea
523 4714 661 4770 perperam
670 4696 809 4769 Epiphanii
819 4714 894 4753 mens
905 4697 1037 4767 accipitur,
1052 4714 1112 4751 eum
1128 4696 1155 4750 id
1172 4712 1232 4749 enm
1241 4697 1379 4767 scripsisse

244 4788 338 4835 want:
369 4784 469 4854 Vuae
483 4802 569 4839 nocem
587 4788 663 4839 απαίο
679 4785 791 4837 Iudaeus
808 4784 929 4837 Romania
948 4784 1044 4835 tributa
1064 4783 1224 4852 dependere,
1245 4792 1379 4854 anteponet

246 4864 359 4935 Asopum
368 4869 586 4943 Herodiaporesc
594 4869 709 4925 Iudaeae
716 4878 874 4939 procurator
882 4886 900 4919 α
913 4868 1034 4921 Romania
1043 4872 1224 4932 incineratur,
1234 4886 1280 4923 nec
1287 4879 1379 4940 postea
1423 4870 1427 4884 “

1137 4968 1179 5020 Η.

1438 5143 1597 5277 Δ
