3650 5642
1328 616 1388 675 (ΠΧ

233 770 384 842 inquirendo
399 776 554 827 eomeontns
568 771 683 837 iuersm,
699 786 753 827 non
770 774 799 825 nt
815 771 849 827 sb
865 770 917 827 illis
931 776 1052 843 recepte,
1069 771 1115 827 sed
1133 777 1242 828 ntsme
1253 772 1332 827 etism
1342 788 1389 827 en

233 858 341 927 regimen
350 874 504 929 proponere.

293 942 365 1013 Ergo
381 943 417 997 sd
432 942 585 997 eternndsrn
598 940 703 1013 Iosephi
717 942 796 997 idem
813 958 828 997 e
843 943 933 997 multis
944 942 1001 997 eins
1011 943 1142 998 erroribus
1153 942 1181 997 hi
1191 943 1263 997 velut
1271 943 1388 1013 insignes
1430 1000 1433 1006 ,

234 1044 260 1081 ee
269 1029 392 1099 petmnrii
402 1034 579 1083 numerantur.
601 1028 717 1081 Primum
734 1028 804 1098 quod
818 1034 911 1083 erseto
924 1027 1048 1082 drohst
1059 1028 1182 1092 Quirinus
1193 1030 1222 1083 in
1232 1028 1337 1098 Syrium
1346 1029 1388 1083 In·

233 1114 371 1185 memque
381 1114 481 1169 missus
493 1130 551 1168 esse
562 1112 663 1180 dicitur,
675 1128 744 1167 unno
756 1130 856 1169 uxum.
868 1120 930 1184 post
939 1114 1073 1169 deductu
1082 1129 1208 1185 pugnum
1234 1115 1339 1178 Verum,
1348 1114 1389 1168 in·

233 1202 294 1269 quit,
310 1204 336 1253 ss·
346 1200 416 1253 duee
431 1203 469 1255 ud
483 1210 600 1255 ιτιιιαιι
612 1210 747 1269 temporum
758 1202 883 1253 rationem
894 1200 1090 1269 φώνημα
1100 1217 1153 1253 esse
1159 1201 1255 1271 procui
1265 1200 1340 1255 dudio
1349 1204 1389 1253 is·

233 1292 317 1341 ιιιίιι.
350 1286 425 1339 Nem
441 1290 466 1339 si
476 1302 589 1339 messem
601 1302 681 1339 uscos
691 1288 735 1355 pei
744 1288 919 1339 intercurrunt
927 1285 960 1337 od
972 1285 1088 1339 Actiaco
1095 1302 1198 1354 pugno,
1209 1304 1274 1354 prece
1284 1290 1391 1355 contigit

233 1373 342 1439 Asprum
353 1388 396 1427 ιιι
411 1382 434 1425 et
444 1371 561 1425 dissecto
573 1388 649 1433 coes,
661 1388 741 1423 oreos
752 1386 850 1423 essem
865 1371 976 1439 roceo.
1009 1368 1062 1424 Sed
1076 1368 1142 1423 hssc
1156 1369 1325 1425 heltncinstio
1341 1377 1388 1426 eet.

232 1454 293 1509 bam
302 1456 416 1511 defines
425 1471 516 1527 pugne
525 1455 618 1509 incidit
627 1455 655 1509 in
666 1470 765 1509 snnnm
774 1453 852 1509 Urbis
863 1470 1004 1520 ισοιιιιι,
1013 1454 1167 1521 Induere,
1177 1455 1319 1510 Archelens
1327 1473 1388 1511 vero

232 1542 388 1612 proscriptus
400 1549 441 1597 eet
450 1558 519 1595 enno
527 1540 605 1595 Urbis
614 1556 733 1605 ncourr,
744 1540 845 1595 Iuliano
857 1558 892 1595 ιι.
909 1539 1011 1611 Quippe
1021 1540 1071 1595 Dio
1082 1539 1116 1593 sd
1124 1539 1194 1595 huno
1204 1556 1302 1595 sunnm
1313 1548 1389 1597 sutor

233 1634 268 1679 est
277 1626 410 1681 Herodem
422 1627 599 1681 Pulsestinum
610 1642 627 1679 ι
637 1626 761 1681 frutribus
772 1632 925 1680 mourutum
935 1632 1008 1681 trsns
1018 1627 1098 1696 bipes
1108 1627 1267 1696 reiegstnm,
1281 1628 1389 1697 eiusque

232 1710 351 1767 ditionem
363 1713 393 1765 in
403 1712 564 1783 pmrinoiem
575 1713 713 1767 redsetsrn
736 1714 826 1765 Annus
838 1728 915 1783 porro
926 1711 1043 1765 lulisnus
1054 1728 1090 1767 ιι.
1100 1711 1246 1767 trienninm
1261 1713 1388 1783 septimus

232 1802 292 1849 ests
303 1814 348 1853 xv.
375 1797 455 1851 Recte
466 1798 555 1868 iisque
566 1796 691 1867 Iosephus
701 1797 862 1851 tricesimum
873 1796 1014 1867 septimum
1025 1796 1167 1851 ednotsrit.

291 1881 418 1937 &cunm
429 1886 519 1937 e's'sdsnr
530 1888 558 1935 ιι
569 1884 633 1937 iocis
644 1882 767 1953 Iosephus
778 1884 809 1937 de
821 1884 953 1937 eoumtotu
966 1882 1071 1944 Osirim
1085 1886 1207 1947 emino,
1223 1886 1298 1953 puori
1314 1886 1346 1937 dc
1359 1901 1389 1939 rs

234 1970 362 2021 sinodum
380 1973 489 2032 rwssttr
512 1986 543 2021 su
563 1987 611 2039 quo
631 1972 713 2033 seems
728 1970 800 2022 mum
819 1969 965 2022 counione
978 1971 1116 2036 ipsorom
1130 1976 1225 2023 mem
1239 1978 1284 2035 est.
1317 1968 1389 2022 Non

236 2053 366 2111 er'rr'm
380 2071 433 2105 uuo
444 2071 500 2105 eum
508 2054 654 2107 Aemiliano
666 2055 764 2123 collega
780 2063 839 2109 ants
855 2071 937 2107 neruos
947 2070 1005 2107 mr
1020 2055 1175 2107 contulerim
1181 2058 1289 2122 putesce
1300 2064 1338 2109 est
1347 2073 1389 2107 cs·

232 2140 436 2205 permistim.
468 2136 540 2193 Nihil
554 2138 683 2193 eiusmodi
697 2137 822 2209 Iosephus
836 2140 877 2194 rel
892 2139 1024 2193 levissime
1039 2138 1209 2209 signifiosrit3
1226 2140 1390 2195 consulerem
1475 2196 1483 2209 ,

235 2222 357 2277 duntuxst
367 2223 456 2289 iilum,
467 2222 516 2277 hoo
528 2230 568 2277 est
579 2222 704 2293 ὑπατικὸν,
716 2230 833 2278 extremo
844 2224 889 2278 lib.
901 2242 966 2279 xvn.
976 2224 1103 2279 nominet.
1127 2223 1236 2279 mmet
1245 2231 1333 2279 sutem
1343 2242 1390 2279 sos

235 2310 272 2377 qui
288 2308 458 2363 eonsuistum
474 2310 555 2363 semel
577 2309 605 2363 iu
622 2310 676 2364 rite
692 2310 838 2379 gessissent
858 2310 1008 2364 consulsres
1029 2309 1151 2381 deinceps
1171 2310 1330 2381 appellatos,
1350 2310 1390 2365 uti

234 2393 424 2465 Triumphsles,
437 2395 483 2465 qui
492 2394 632 2465 aliquando
644 2393 854 2465 triumphassent.

292 2480 385 2535 Tertio
396 2479 509 2534 Herodis
525 2481 618 2533 obitum
630 2479 944 2533 &rememoravimus
958 2488 1044 2533 nouos
1057 2489 1178 2535 reconst-
1200 2480 1292 2551 Itnqss
1306 2484 1332 2533 εἰ
1347 2481 1390 2533 Io·

235 2565 302 2633 septo
313 2568 403 2619 ᾱιιιιι
414 2584 504 2631 oum,
516 2583 580 2634 purae
592 2586 610 2619 c
621 2565 697 2619 Luco
708 2574 733 2619 st
742 2564 875 2619 Mottdoeo
887 2567 919 2619 ds
929 2564 1033 2619 Herode
1042 2569 1143 2635 scripu
1153 2568 1271 2635 sustfids
1282 2576 1392 2620 coronet

235 2668 325 2703 recem
335 2660 386 2706 ser.
409 2649 468 2705 Non
480 2652 544 2705 setis
556 2650 631 2706 dixit.
654 2648 745 2719 Neque
755 2650 826 2703 euim
837 2650 955 2715 biennio,
971 2649 1017 2705 sed
1028 2650 1197 2721 qusdrisunio
1212 2650 1308 2716 ierme,
1317 2656 1390 2705 nste-

235 2734 279 2789 ien
287 2734 388 2791 Christi
395 2736 542 2805 ruigsrem,
553 2735 742 2805 Dionysiorum
750 2752 812 2789 uero
821 2735 900 2795 etiem
909 2736 1086 2805 quinquennio
1097 2736 1242 2791 enterertit.
1258 2736 1311 2791 Sed
1320 2736 1391 2791 huno

235 2820 313 2889 ipsum
323 2838 419 2877 rerum
430 2837 488 2875 sese
496 2821 611 2875 numism
622 2838 656 2875 ex
666 2818 799 2875 idstdreeo
810 2820 852 2874 rel
862 2820 935 2875 Lues
944 2820 1046 2890 colligi,
1056 2820 1083 2875 id
1094 2827 1244 2877 mnstnnter
1252 2838 1390 2892 negemus.

294 2906 426 2971 Quartum
441 2906 632 2961 inconstentise
647 2906 779 2977 specimen
794 2910 835 2959 est
851 2905 922 2975 quod
935 2920 1005 2960 enno
1016 2924 1070 2960 nur.
1085 2906 1195 2960 Eerodis
1210 2908 1282 2977 regis
1293 2907 1391 2961 Verum

237 2993 375 3060 pnesidem
387 2990 479 3061 Syriae
490 2993 571 3045 inisse
581 2996 670 3045 nurrut
679 2991 724 3045 lib.
736 3008 778 3045 xv.
797 3006 852 3061 osp.
864 3008 935 3056 run,
950 2996 1012 3060 post
1021 2997 1110 3045 sutem
1120 2992 1158 3045 eit
1167 2992 1279 3047 eundem
1289 3008 1390 3047 suecw

237 3078 294 3131 sisse
305 3078 399 3133 Sentio
411 3078 564 3143 Saturnino,
581 3092 650 3131 enno
666 3080 726 3131 unte
741 3074 851 3131 Herodis
868 3076 982 3140 obitum,
997 3090 1058 3131 enm
1071 3076 1140 3131 inter
1153 3082 1284 3147 utrunque
1295 3077 1391 3147 viginti

237 3165 290 3217 mni
300 3164 396 3219 saltem
407 3162 608 3217 intercesserint.
632 3162 713 3231 Atqui
727 3178 781 3215 nou
792 3160 878 3215 Verus
889 3159 1025 3231 eiosepho
1036 3176 1142 3231 prseses
1152 3162 1197 3215 iilo
1212 3162 1271 3215 loeo
1286 3162 1390 3228 dieitur,

238 3248 275 3301 sed
285 3249 376 3303 Virro.
412 3246 496 3313 Qnsre
508 3247 570 3314 airu
582 3245 597 3313 ἡ
610 3244 724 3317 μήρινθος
736 3244 806 3299 odiis
818 3242 918 3301 ionem.
950 3245 1070 3315 Denique
1079 3261 1188 3310 uorem,
1203 3247 1301 3315 inquit,
1310 3248 1390 3303 Hero·

239 3330 271 3384 dis
286 3349 370 3387 ennos
388 3334 568 3403 prsetermisii.
601 3331 706 3385 Etenim
717 3330 1007 3399 cumxxxvuregnsrit
1022 3344 1118 3395 sunus,
1134 3330 1228 3387 horum
1243 3332 1346 3385 initium
1356 3333 1390 3387 sb

239 3418 330 3489 seipso
341 3434 426 3483 nuno,
439 3434 490 3489 qno
501 3417 588 3471 nsueti
595 3417 694 3487 proelio
702 3417 787 3471 rictus
796 3422 836 3469 eet
843 3414 984 3481 Antonius,
994 3421 1110 3485 repetere
1118 3415 1219 3481 debuit,
1229 3416 1331 3471 lnlimo
1338 3435 1391 3483 ru,

240 3518 283 3555 non
293 3519 309 3556 ι
320 3522 372 3569 ιι,
389 3518 441 3573 qno
458 3518 493 3557 ex
504 3502 763 3557 senatur-consulto
775 3516 886 3571 regnum
896 3500 1007 3571 ndeptus
1017 3506 1066 3556 est.
1089 3500 1151 3555 Ideo
1161 3506 1272 3557 mortem
1281 3502 1390 3557 Herodis

239 3588 344 3643 toneies
360 3590 389 3643 iu
406 3602 505 3641 sunum
521 3594 642 3643 osterum
657 3586 752 3643 Christi
768 3586 921 3651 coniiciuut,
937 3585 1035 3657 Lepido
1052 3587 1211 3641 etdrruntio
1227 3603 1295 3643 coss.
1328 3588 1392 3643 Erst

239 3686 314 3727 eunus
333 3672 411 3727 Urbis
426 3688 547 3739 nocuum,
564 3672 681 3727 Iniisnns
692 3690 741 3739 ιι,
759 3673 804 3743 qui
821 3676 912 3727 sextus
929 3687 1007 3727 seres
1022 3672 1168 3729 eommunis
1185 3689 1242 3729 esse
1258 3673 1391 3745 debueret,

240 3757 283 3811 uisi
292 3758 399 3813 biennio
413 3764 548 3829 prorutum
558 3758 634 3813 ieret.

298 3845 334 3897 At
344 3849 505 3914 quantopere
515 3842 589 3899 iilum
600 3843 666 3897 rstio
676 3842 774 3913 ingerit
784 3844 862 3915 penio
873 3848 935 3913 post
944 3844 1087 3910 oomtshit,
1100 3844 1147 3899 uhi
1162 3860 1229 3914 quse
1240 3843 1272 3897 de
1281 3845 1391 3899 lierodis

241 3928 306 3981 runis
317 3933 346 3981 et
355 3927 465 3983 historin
476 3929 588 3998 sparsim
598 3926 724 3999 losephue
735 3928 838 3993 inserit,
855 3928 945 3998 peucis
958 3929 1194 3999 perstrinxerimus.
1214 3929 1302 3983 Prims
1312 3931 1391 3984 tiero-

241 4010 273 4064 dis
288 4013 359 4084 apud
375 4013 503 4067 eximium
514 4012 583 4067 huuc
598 4013 750 4083 scriptorem
765 4013 862 4067 mentio
878 4012 909 4067 tit
922 4014 969 4068 lib.
980 4033 1034 4069 ιιι.
1046 4014 1118 4082 Orig.
1128 4028 1185 4083 esp.
1196 4032 1244 4069 ru.
1266 4015 1307 4067 lbi
1317 4015 1391 4069 enti·

241 4104 335 4163 petrum
346 4098 460 4169 Antipee
470 4098 498 4153 F.
512 4097 620 4153 Herodis
635 4104 770 4169 parentem
784 4098 875 4153 scribit
891 4115 905 4153 e
922 4098 1006 4169 Cypro
1022 4098 1148 4153 Arehisss
1161 4100 1277 4171 principe
1293 4099 1391 4153 tenuius
1507 4122 1510 4131 ·

240 4184 347 4253 quinque
358 4183 504 4253 suscepisse
515 4182 623 4248 liberos,
638 4182 808 4248 Pheseelum,
822 4183 965 4247 Herodem,
979 4180 1133 4252 losephurn,
1147 4183 1287 4239 Pherorsm
1303 4190 1330 4237 et
1342 4182 1390 4235 Ss-

242 4265 327 4323 iomen.
350 4268 481 4333 Eundem,
493 4284 552 4321 cum
564 4268 688 4321 eduorum
699 4268 877 4323 Artetobuium
893 4267 992 4323 betium
1006 4273 1120 4336 gereret,
1134 4268 1231 4323 liberos
1245 4285 1309 4323 suos
1320 4266 1390 4337 spud
1415 4297 1438 4337 ρ,
1446 4284 1490 4328 122

242 4352 349 4407 hrsbum
360 4352 505 4423 prinoipem
516 4352 676 4423 deposuisse.
695 4352 808 4409 Finitunr
821 4359 862 4407 eet
872 4354 969 4407 bellum
979 4351 1051 4405 istud
1060 4353 1253 4410 Aristobuleum
1264 4368 1335 4409 suuo
1344 4352 1390 4407 illo

243 4452 284 4504 quo
301 4438 483 4507 hierosolyma
497 4436 637 4509 Pompeius
655 4439 734 4508 cepit,
751 4456 818 4493 coss.
830 4437 954 4493 Cicerone
971 4442 997 4489 et
1012 4437 1139 4504 Antonio,
1156 4444 1186 4491 ut
1202 4445 1278 4493 sutor
1294 4443 1336 4491 eet
1349 4438 1390 4491 Io·

242 4521 329 4591 sephns
340 4524 385 4577 lib.
397 4540 451 4577 ιιι.
464 4538 521 4593 cup.
533 4542 570 4589 v.,
581 4540 629 4577 nee
640 4540 694 4577 nou
705 4530 732 4577 et
742 4524 803 4589 Dio,
821 4522 897 4577 Urbis
908 4539 942 4575 er
953 4521 1068 4577 Verrone
1080 4539 1171 4579 ucrcr.
1194 4523 1302 4593 Oportet
1310 4523 1391 4592 igitur

243 4604 360 4663 Heredem
371 4614 432 4661 unte
442 4606 511 4661 huno
522 4624 620 4663 aunum
631 4608 712 4663 tuisse
723 4615 826 4673 ustum,
838 4624 916 4677 quens
927 4607 997 4676 spud
1007 4608 1120 4663 hrsbem
1130 4614 1203 4679 peter
1214 4608 1369 4678 deposuerit.

300 4692 394 4763 Pontes
409 4694 456 4746 lib.
467 4710 520 4747 ιιι.
537 4710 560 4749 c.
574 4712 630 4761 ru,
647 4710 707 4748 cnm
718 4694 853 4765 Antipater
864 4694 964 4747 lulisuo
976 4692 1080 4747 Gsessri
1090 4700 1224 4748 strenuum
1234 4694 1262 4746 in
1271 4694 1391 4765 Aegypto

244 4784 356 4833 mreeset
370 4794 493 4849 operam,
509 4776 640 4849 ἐπίτροπος
656 4780 690 4835 eb
707 4797 738 4835 eo
750 4778 861 4833 laesere
876 4777 962 4833 iectus
977 4784 1032 4845 eet,
1048 4786 1076 4833 et
1088 4780 1210 4850 Hyrosrm
1226 4779 1392 4849 pontihestns
