3650 5642
440 596 534 661 boun

438 777 531 815 menas
543 760 637 814 taleam
647 760 752 813 illorum
763 760 938 814 coniecturam
950 759 1096 830 redarguat,
1130 758 1181 824 Qui
1191 758 1342 813 instituendi
1353 756 1539 830 poenitentiarii
1549 774 1587 811 aa

439 847 550 900 cardotis
563 862 669 899 caussas
682 845 830 916 disputans:
854 844 987 916 Φορτικόν,
1000 846 1049 910 ait,
1062 843 1086 906 te
1098 842 1174 916 ἀρχῆς
1186 847 1236 906 τοῖς
1248 842 1346 916 ἱερεῦσιν
1358 841 1445 913 ἔδοξεν,
1463 840 1498 905 ὡς
1514 841 1536 896 ἐν
1552 844 1586 895 ts·

439 930 506 1002 ότρῳ
519 930 566 983 ix'o
578 929 682 1001 μάρτυρι
692 934 729 1001 τῷ
739 930 825 997 πλήθει
836 933 878 996 τῆς
890 928 1018 995 ἐκκλησίας
1031 926 1072 991 τὰς
1085 927 1203 1000 ἁμαρτίας
1212 926 1373 999 ἐξαγγέλλειν.
1391 928 1551 1000 Πριοβότιρον
1563 927 1587 981 ii

438 1020 488 1067 τῶν
501 1013 587 1085 ἄριστα
599 1014 777 1085 πολιτευμόνων
788 1013 908 1086 ἐχόμυόόν
920 1032 945 1066 τι
956 1014 998 1067 καὶ
1009 1010 1118 1085 ἔμφρονα
1129 1012 1167 1067 ἰπὶ
1180 1019 1253 1067 τοῦτο
1265 1011 1402 1085 reaigente,
1415 1008 1435 1085 ᾧ
1445 1013 1475 1082 δὴ
1484 1015 1587 1085 apocris-

438 1117 476 1160 τες
488 1099 511 1151 ai
521 1098 688 1171 ἡμαρτηκότες
700 1097 730 1151 τὰ
742 1100 877 1170 βεβιωμένα
887 1097 1044 1170 ὡμολόγουν·
1057 1096 1070 1151 ὃ
1088 1097 1115 1151 bi
1126 1098 1187 1170 rpite
1202 1098 1246 1166 τὴν
1261 1096 1363 1151 hieron
1381 1098 1511 1169 ἁμαρτίαν,
1527 1098 1553 1165 ὅ,
1567 1116 1587 1149 τι

437 1183 487 1255 χρὴ
500 1188 598 1252 ποιῆσαι
608 1187 624 1252 ἢ
637 1183 727 1237 terina:
738 1181 856 1255 ἐπιτίμιον
868 1184 914 1245 θεὶς
926 1183 1029 1255 ἀπέλυε,
1047 1183 1113 1256 παρὰ
1129 1186 1198 1254 epeia
1210 1183 1292 1236 αὐτῶν
1303 1182 1346 1251 τὴν
1358 1184 1454 1254 bland)
1470 1182 1587 1253 ελςκραξιι-

438 1269 531 1339 μένους,
552 1272 663 1335 Duram,
674 1270 773 1340 iuquit,
785 1280 809 1321 et
818 1271 1004 1321 iawkrandam
1014 1274 1087 1323 initio
1098 1272 1243 1323 sacerdotes
1254 1288 1307 1323 esse
1317 1271 1476 1333 iudicarant,
1488 1274 1525 1322 aie
1536 1278 1587 1321 tea·

437 1372 511 1425 paam
528 1359 556 1406 ia
572 1355 685 1420 theatro,
700 1374 750 1424 pro
767 1356 891 1407 centenae
905 1364 976 1407 cocta
993 1374 1026 1408 ac
1042 1360 1162 1408 οοιιιόοαε
1169 1364 1281 1425 peccata
1290 1358 1470 1425 pronunciare.
1507 1354 1588 1415 Quare

433 1441 607 1510 presbyterum
618 1442 741 1510 ρυοιιάιιιιι
752 1448 904 1492 secretorum
917 1449 1027 1493 tenacem
1040 1458 1072 1493 ac
1080 1442 1229 1510 prudentem
1245 1444 1270 1493 αι’
1280 1444 1378 1492 menei
1383 1448 1587 1511 praeponentur,

438 1526 476 1577 ad
490 1544 558 1594 quem
571 1536 723 1596 peccatores
739 1527 859 1577 adeuntes
873 1529 942 1578 ottae
953 1542 1016 1577 raas
1032 1544 1111 1579 traaas
1128 1534 1292 1595 exponerent.-
1309 1534 1339 1577 at
1354 1526 1398 1577 itte
1410 1544 1460 1595 pro
1478 1529 1587 1594 extmpue

433 1620 543 1680 peecata
553 1615 659 1663 meritae
666 1627 764 1680 poenae
774 1611 891 1678 instiqeue
902 1611 1054 1674 dimittebat,
1072 1628 1127 1663 cum
1139 1630 1156 1663 a
1167 1613 1259 1681 eeipee'a
1269 1610 1330 1662 ittae
1342 1614 1487 1678 erepiaoem.
1521 1608 1587 1672 Quae

437 1695 576 1750 Sozomeni
591 1697 671 1749 rerba
685 1695 818 1765 publicum
835 1694 899 1749 iilud
916 1694 1057 1749 confitendi
1072 1710 1155 1766 genas
1172 1696 1284 1748 alienum
1300 1694 1460 1748 amatorum
1475 1694 1588 1747 uenata
1629 1722 1630 1751 ι

437 1787 464 1834 et
474 1798 490 1834 a
500 1781 692 1852 poenitentiarii
702 1780 771 1832 iilius
783 1778 869 1832 oifioio
879 1781 1016 1851 perspicue
1027 1779 1182 1850 significant.
1216 1779 1268 1834 Sed
1278 1780 1373 1833 mirum
1385 1794 1466 1851 qaam
1476 1776 1538 1833 haec
1548 1779 1588 1831 ab·

437 1866 514 1920 sarde
525 1866 613 1919 Latini
624 1874 727 1918 autores
738 1865 898 1935 interpretati
910 1865 975 1929 sint,
992 1865 1037 1935 qni
1053 1882 1068 1918 e
1079 1864 1224 1919 sozomeno
1235 1863 1303 1919 hanc
1314 1864 1451 1919 historiam
1461 1880 1587 1936 expresse·
1629 1880 1630 1883 ¹

337 1959 411 2013 aaa.
435 1958 504 2006 rant.
538 1952 606 2005 tiam
622 1952 651 2004 in
667 1950 763 2005 Histoe.
774 1950 915 2021 Tripartita
931 1950 1021 2005 lib.1x.
1033 1966 1178 2020 cepxxxt.
1195 1950 1232 2003 ita
1249 1950 1373 2021 scriptum
1392 1956 1444 2004 eat:
1470 1949 1587 2011 Quartae

437 2041 534 2092 omniuo
546 2056 593 2089 nou
598 2054 712 2107 peccare
723 2038 834 2088 dictarem
850 2045 875 2089 et
884 2036 955 2087 altra
966 2035 1101 2087 ternarum
1116 2044 1234 2089 naturam
1245 2054 1297 2089 esee
1307 2038 1474 2105 copaaace'tnr,
1481 2052 1587 2106 peccas·

437 2124 502 2176 tibus
519 2131 600 2175 antem
617 2130 642 2173 et
647 2125 829 2191 poenitendam
845 2121 976 2189 αραιυοίόιιι
987 2124 1085 2173 seriam
1098 2122 1159 2173 deae
1170 2122 1388 2191 daeipraeoepa'tp
1404 2124 1448 2191 pai
1461 2138 1521 2173 aero
1536 2138 1587 2172 cea·

430 2212 503 2279 fitere'
513 2211 653 2277 repispiaat,
669 2209 751 2258 maiae
763 2215 928 2275 peccatoram
944 2222 1005 2259 cuae
1021 2209 1166 2275 acquirunt,
1180 2214 1319 2276 propterea
1335 2210 1416 2257 ιόιιιιιι
1432 2216 1467 2259 eat
1482 2210 1588 2275 ιιιιόιρνὺ

430 2294 607 2365 pontificibus,
620 2300 650 2343 at
659 2292 726 2343 velut
734 2294 762 2343 ta
775 2290 874 2343 theatro
885 2292 930 2342 aab
943 2294 1080 2343 testimonio
1092 2292 1359 2361 corkaiaata‘oe'popata'
1370 2293 1465 2344 eetiea
1471 2292 1588 2361 pendan

435 2390 478 2432 tar
489 2388 535 2431 ete.
570 2374 641 2441 Quae
657 2382 719 2429 suut
729 2375 785 2427 reri
800 2392 893 2428 aenam
908 2376 1075 2441 inanissima,
1093 2391 1123 2429 ac
1140 2392 1193 2429 non
1209 2376 1294 2429 solnm
1310 2374 1445 2429 aGraeeie
1457 2376 1588 2431 Soxomeni

435 2464 520 2517 verbis
533 2462 684 2526 abhorrent,
700 2460 745 2514 sed
762 2467 789 2513 et
803 2467 924 2531 pugnant
934 2461 992 2531 ipsa
1003 2476 1101 2515 seeum.
1136 2459 1220 2523 Quare
1231 2458 1300 2521 hand
1311 2476 1379 2515 vana
1390 2462 1502 2532 suspitio
1513 2468 1552 2515 eet
1560 2462 1587 2513 ti·

434 2550 578 2602 brariorum
587 2548 664 2617 eulpa
672 2562 763 2599 vocem
771 2546 886 2616 aliquem
895 2546 1035 2611 excidisse,
1045 2550 1122 2616 atque
1131 2546 1168 2599 ita
1176 2546 1362 2600 restituendam
1371 2562 1441 2601 asae:
1454 2546 1587 2618 Propterea

434 2638 514 2686 αιἐιιοι
526 2642 563 2685 eet
573 2634 698 2685 meletiam
710 2635 822 2701 antiquie
828 2632 991 2701 ponteficibus
1002 2640 1048 2684 etc.
1068 2629 1135 2683 Nam
1147 2632 1246 2702 alioqui
1258 2632 1318 2701 quid
1330 2648 1395 2702 opus
1408 2638 1465 2685 erat
1474 2629 1586 2703 όχόμυόον

435 2717 593 2771 sacerdotem
605 2717 730 2787 deligere,
746 2716 851 2768 desint
860 2717 888 2769 in
900 2714 1001 2769 theatro
1012 2716 1186 2770 naducandns
1202 2722 1272 2770 esset
1285 2718 1420 2788 poenitens
1438 2723 1464 2771 et
1479 2718 1515 2771 ab
1526 2718 1587 2787 ipso·
1610 2754 1617 2767 .

433 2810 571 2857 metante
582 2800 715 2855 sacerdota
725 2801 795 2853 illine
806 2806 914 2870 peccata
924 2800 1095 2871 publicanda?

501 2886 573 2950 Quae
585 2903 645 2939 cnm
657 2884 844 2939 absurdissima
854 2885 919 2950 sint,
937 2892 965 2938 et
980 2886 1012 2938 iis
1028 2884 1098 2940 hand
1114 2887 1195 2941 mutto
1207 2886 1327 2952 meliora,
1345 2902 1412 2958 qaae
1429 2904 1445 2941 a
1461 2888 1588 2942 nonnullis

434 2972 584 3037 efferamur,
601 2988 650 3025 noe
665 2971 692 3024 in
709 2986 740 3023 ea
754 2970 931 3023 counoversia
945 2970 996 3024 duo
1008 2971 1135 3041 quaedam
1147 2972 1301 3026 excudenda
1312 2972 1443 3027 duximus.
1476 2974 1587 3027 Alterum

435 3075 558 3129 quorsum
570 3058 613 3111 ille
625 3056 746 3111 sacerdos
757 3057 905 3121 institutus,
917 3056 1026 3110 alterum
1036 3062 1164 3127 quatenus
1172 3058 1242 3111 illias
1251 3058 1286 3111 sit
1293 3058 1420 3127 abrogata
1428 3058 1537 3113 iunctio.
1555 3060 1586 3110 Δο

434 3144 466 3197 da
477 3144 590 3197 Socratis
603 3143 666 3208 fida,
679 3143 728 3196 etsi
739 3141 809 3213 qnod
821 3141 853 3194 ad
864 3142 950 3212 ipsam
962 3142 1117 3195 uenationis
1129 3148 1208 3213 capnt
1218 3143 1324 3208 attinet,
1339 3142 1404 3197 nihil
1414 3142 1465 3197 boc
1476 3144 1534 3197 ioco
1546 3143 1587 3195 du·

433 3230 559 3293 bitenius,
576 3230 704 3300 permulta
720 3234 809 3281 tamen
820 3227 853 3279 ad
864 3225 999 3281 historiam
1012 3226 1045 3280 ab
1057 3226 1148 3280 eodem
1159 3226 1265 3280 adtexta
1275 3226 1415 3293 credimus,
1430 3234 1460 3281 nt
1471 3227 1587 3283 Noratia

433 3334 526 3370 norum
537 3322 648 3380 secum,
661 3315 702 3368 cai
713 3321 769 3366 arat
780 3310 910 3377 addictas,
922 3312 1076 3365 commentis
1088 3326 1118 3364 ac
1130 3312 1270 3366 mendaciis
1281 3312 1439 3378 sublevaret,
1457 3314 1527 3385 qaod
1538 3314 1587 3383 pte

432 3416 542 3472 rumque
553 3416 678 3471 usurpare
690 3398 831 3452 consuerit
865 3396 993 3467 Exenrplo
1005 3397 1039 3450 sit
1050 3414 1064 3449 e
1076 3398 1164 3450 multis
1175 3397 1252 3463 iilud,
1264 3397 1332 3467 qnod
1344 3398 1393 3451 snb
1405 3398 1502 3467 atpium
1514 3396 1586 3451 ruodo

433 3487 520 3539 subiit.
539 3486 633 3539 Scribit
640 3485 683 3537 itte
692 3484 767 3538 libr.
777 3498 833 3551 cap.
840 3480 881 3534 22.
890 3481 1034 3535 Caesareae
1042 3482 1069 3533 in
1079 3480 1243 3553 Cappadocis
1251 3498 1295 3536 eoa
1308 3484 1352 3553 qni
1363 3490 1423 3555 poet
1435 3485 1587 3555 baptismam

432 3570 597 3641 peccaverint
607 3585 623 3621 a
635 3568 817 3622 communione
828 3566 912 3630 retici,
925 3564 1142 3636 quemadmodum
1155 3566 1292 3621 Novatiani
1303 3569 1448 3623 instituunt.
1466 3569 1541 3634 Qnod
1551 3573 1588 3621 eet

432 3654 674 3716 mendacissimum,
691 3659 721 3705 nt
736 3668 770 3704 er
782 3650 880 3704 Baeitio
897 3651 1005 3721 eiusque
1016 3651 1242 3721 poenitentialibus
1260 3654 1401 3707 canonibus
1419 3656 1509 3725 benet.
1542 3654 1587 3707 Lo

434 3740 591 3809 quitnrrero
604 3738 724 3790 Socratae
735 3735 908 3789 donatoribus
921 3737 1086 3789 ecclesiarum
1098 3739 1205 3788 τοπικῶν
1221 3738 1325 3801 ritibus,
1340 3754 1373 3791 ne
1389 3742 1447 3809 qnia
1463 3746 1525 3811 poet
1541 3739 1586 3792 aa·

433 3825 484 3877 sitii
496 3825 594 3878 obitum
607 3822 682 3875 aliter
693 3822 836 3874 obtinuisse
847 3822 976 3874 coniciet.
1009 3820 1144 3875 Eiusmodi
1155 3822 1243 3892 igitur,
1258 3820 1307 3889 hoo
1321 3830 1362 3876 eet
1372 3822 1512 3877 eonfietnnx
1525 3838 1586 3887 ease,

432 3908 597 3962 vehementer
613 3908 737 3978 suspicor,
757 3906 825 3977 quod
842 3907 891 3959 aab
909 3905 1113 3960 Noratianornm
1131 3907 1259 3961 duntaxat
1276 3913 1361 3961 ortum
1377 3909 1585 3979 poenitentialem

429 3996 611 4067 presbyterum
629 3994 798 4046 corretitutum
815 4008 872 4044 cese
889 3991 968 4057 dixit,
987 4008 1063 4062 quern
1081 4008 1141 4045 cnm
1159 3994 1195 4046 ait
1210 3998 1247 4063 τῷ
1265 3996 1347 4045 κανόνι
1363 3992 1546 4063 emanent
1556 3994 1585 4045 ab

433 4080 573 4151 episcopis,
588 4084 653 4132 tecte
665 4078 805 4132 admodum
817 4083 843 4130 et
853 4076 945 4129 cattide
957 4076 1117 4131 Noratianae
1128 4078 1284 4131 crudelitatis
1295 4079 1366 4132 rirue
1378 4080 1499 4145 instillat,
1516 4077 1586 4148 qnasi

432 4172 489 4219 tum
505 4164 608 4217 demum
625 4170 709 4216 totum
724 4162 774 4216 hoo
791 4162 965 4233 poeniteutiae
982 4164 1116 4233 negotium
1133 4164 1310 4233 excogitatum
1325 4164 1404 4218 inerit
1418 4180 1448 4216 ac
1463 4180 1533 4218 noro
1547 4178 1585 4215 oa·

432 4266 501 4305 none
513 4249 648 4303 sanatum.
681 4248 772 4318 Neque
788 4248 858 4301 enirn
873 4254 944 4301 recte
961 4251 997 4318 τῷ
1010 4251 1092 4300 κανόνι
1108 4246 1286 4317 προςτιόιῑαόιιι
1298 4248 1428 4319 accipiunt
1437 4249 1518 4319 vulgo
1529 4262 1585 4301 enm

432 4337 582 4406 interprete,
598 4340 627 4386 nt
643 4333 678 4385 sit
688 4333 788 4385 Canens·
798 4336 921 4388 adiicere.
956 4332 1022 4385 Nam
1040 4332 1147 4386 canonis
1159 4332 1260 4387 decreto
1271 4334 1327 4387 rnlt
1337 4350 1397 4387 enm
1409 4332 1584 4404 presbyterum

433 4421 590 4475 adiunctum.
625 4416 709 4481 Quare
723 4434 788 4471 mox
804 4418 920 4488 eequitnr
931 4416 999 4470 huno
1017 4430 1143 4471 cenoman
1155 4418 1188 4471 ab
1202 4419 1322 4472 omnibns
1338 4418 1396 4472 aliie
1411 4426 1553 4491 receptum,
1570 4432 1585 4469 a

433 4504 582 4560 Novatianis
594 4504 722 4557 dnnuxat
732 4502 893 4572 repudiatum
904 4502 993 4557 inisse.
1016 4502 1111 4556 Veram
1124 4508 1153 4556 nt
1164 4502 1195 4555 da
1209 4504 1377 4557 inedtntionis
1393 4510 1510 4575 ternpore
1525 4501 1584 4557 nibil

433 4604 592 4661 pugnemus,
604 4587 673 4660 quod
684 4588 716 4641 ad
728 4604 858 4641 summam
869 4586 938 4641 hand
950 4588 1060 4641 multum
1072 4589 1190 4653 intereat,
1207 4588 1258 4654 eia,
1275 4590 1384 4660 opinior,
1396 4590 1526 4660 explicare
1536 4588 1584 4640 iata

433 4688 580 4745 possamus.
614 4674 680 4728 Gara
692 4672 742 4727 dao
754 4674 822 4744 apud
833 4679 934 4728 veteres
946 4680 1045 4742 aeaut,
1062 4680 1093 4727 nt
1108 4680 1185 4728 anna
1198 4672 1345 4740 όοοοίιιιυι,
1360 4681 1526 4744 peccantum
1542 4686 1583 4744 ge
1629 4700 1630 4775 ρ

434 4784 633 4801 Q

503 4847 528 4917 l)
545 4844 614 4901 Fert.
627 4841 659 4907 tit
670 4841 841 4917 πραξομένους,
