3650 5642
1337 629 1388 686 XV

243 799 269 835 se
279 781 370 836 hlsam
382 784 502 836 retum
522 780 674 851 opinionem
688 780 792 836 rerlmti
809 781 972 852 praetulisse.
1006 781 1092 852 Atque
1107 785 1138 836 ut
1151 797 1243 838 vuum
1257 781 1347 838 lnaehi
1362 789 1390 839 et

242 869 383 938 Argivom
397 868 475 937 regni
489 867 597 922 initium
612 872 730 933 eruatur,
750 865 830 921 huius
851 871 968 921 extrem
983 873 1101 939 tempora
1116 869 1303 940 perscrutanda
1318 876 1389 936 sunt,

243 954 465 1024 atqueiuterrnino
476 954 564 1024 suque
575 953 729 1023 deligendus
740 958 782 1008 est
791 954 903 1024 gradus,
915 951 984 1008 unde
995 954 1028 1006 sd
1039 954 1169 1008 anteriora
1176 955 1298 1026 progredi
1305 957 1389 1012 liceat.

242 1041 302 1094 Duae
316 1039 385 1112 apud
394 1039 539 1092 Eusebium
548 1039 685 1108 dynastiae
698 1039 728 1093 in
743 1039 860 1094 eiusdem
875 1039 1063 1111 propemodum
1077 1041 1152 1112 regni
1167 1042 1330 1096 successione
1343 1059 1389 1114 po·

242 1133 336 1181 amur:
348 1126 507 1196 Argivorum
516 1140 571 1178 uua
580 1125 697 1195 Regum,
707 1125 911 1195 Mycenaecrnm
923 1125 1012 1180 altera.
1038 1125 1194 1196 Argivorum
1205 1143 1299 1198 regum
1310 1129 1389 1182 series

242 1213 269 1266 ab
276 1212 366 1266 inacho
383 1217 477 1282 coepta
487 1211 521 1264 ad
531 1211 661 1264 Acrisium
671 1227 756 1281 usque
769 1210 895 1281 perducta
910 1215 963 1275 est,
979 1227 1130 1282 quanquam
1141 1212 1229 1267 Inachi
1240 1215 1348 1285 stirpem
1359 1230 1389 1268 ec

241 1298 352 1352 hmiliam
366 1296 511 1351 Sthenelus
525 1295 635 1351 claudite
652 1313 706 1366 quo
721 1301 838 1362 mortuo,
854 1297 883 1350 in
893 1295 1015 1350 Densum
1031 1299 1198 1368 peregrinum
1215 1303 1292 1370 atque
1303 1299 1390 1370 Aegy·

241 1386 311 1455 ptinm
320 1385 361 1437 ius
371 1390 416 1436 cst
426 1383 461 1437 ab
471 1382 575 1452 Argivis
586 1383 688 1453 imperii
697 1382 861 1438 translatum.
879 1381 1008 1453 Deinceps
1020 1399 1037 1436 s
1047 1383 1136 1437 Danao
1148 1385 1182 1438 ad
1192 1385 1321 1440 Acrisium
1331 1403 1390 1457 pro·

241 1478 322 1540 psgsn
337 1469 473 1523 sumussic
490 1475 540 1522 est
569 1468 654 1532 Quem
668 1484 729 1522 cum
742 1468 853 1522 Perseus
868 1483 952 1538 nepos
967 1483 1014 1538 per
1028 1467 1229 1539 imprudentiam
1246 1471 1390 1538 occidisset,

240 1558 349 1625 llycenas
364 1570 425 1609 sese
441 1555 566 1620 contulit,
581 1553 628 1608 ubi
638 1555 681 1607 vel
696 1553 730 1607 ab
745 1554 805 1625 ipso
814 1553 858 1608 rel
873 1553 908 1606 ab
926 1553 982 1607 eius
999 1552 1054 1607 filio
1071 1553 1194 1610 Sthenelo
1211 1557 1390 1612 continuatum

241 1649 273 1695 est
285 1642 441 1712 Argivorum
456 1655 569 1710 regnum
585 1645 613 1694 et
627 1641 802 1710 Mycenaeum
821 1639 990 1710 appellatum.
1024 1637 1137 1694 Ultimus
1159 1655 1252 1711 regum
1271 1642 1390 1710 istorum,
1463 1699 1465 1715 ¹

241 1727 300 1780 cuius
310 1726 417 1797 quidem
425 1725 555 1779 rationem
564 1725 693 1779 Eusebius
703 1724 811 1791 lrabeat,
826 1726 1009 1794 Agamemnon
1020 1724 1082 1778 luit:
1099 1742 1151 1796 quo
1166 1727 1321 1798 interempto
1333 1729 1390 1798 My·

240 1827 379 1866 cementum
389 1826 504 1882 regnum
513 1811 542 1864 in
553 1811 668 1865 mundo
679 1810 806 1864 Chronico
816 1811 971 1864 terminatur
985 1827 1053 1864 enno
1071 1811 1174 1878 eodem,
1190 1828 1242 1882 quo
1260 1811 1391 1866 excidium

240 1897 367 1951 linianum
383 1896 488 1950 accidit.
520 1897 587 1950 Vide
602 1897 760 1951 Pausaniam
777 1895 957 1950 Corinthiacis.
990 1895 1047 1950 Iam
1063 1897 1220 1967 Argiuorum
1236 1897 1391 1968 Mycenaeo·

240 2000 333 2054 rumque
343 1999 440 2054 regum
452 1983 582 2036 sucmssio
594 1983 720 2053 annique,
736 1982 832 2053 quibus
849 1983 1022 2052 imperarunt,
1033 1984 1104 2036 varie
1116 1983 1150 2037 ab
1160 1983 1274 2037 Eusebio
1285 1983 1390 2036 tradun-

241 2067 661 2140 turinutroquechrenicbbhl).
678 2067 746 2122 llam
756 2067 785 2120 in
795 2067 939 2138 posteriore
950 2067 984 2121 ab
995 2067 1102 2122 exordio
1113 2067 1391 2123 InsehiadTreiannm
1416 2087 1437 2128 o
1447 2076 1478 2116 tt

242 2153 320 2208 ἕλοιο
334 2156 400 2210 anni
416 2159 587 2208 numerantur
603 2153 666 2219 otc,
681 2153 711 2207 in
726 2153 808 2223 priori
821 2153 880 2207 655.
905 2153 1055 2208 Secundum
1071 2154 1221 2224 posterioris
1238 2154 1298 2208 libri
1313 2155 1390 2208 retie-

242 2241 311 2304 einis,
321 2258 402 2312 quem
412 2240 551 2311 praecipue
562 2239 706 2310 sequimur,
716 2255 778 2293 cum
785 2239 928 2294 'lhoianum
936 2239 1068 2292 excidium
1076 2245 1204 2309 congruat
1214 2257 1283 2294 anne
1292 2239 1391 2311 periodi

241 2327 279 2380 lul
289 2327 373 2394 3330„
397 2326 491 2380 mundi
501 2325 591 2392 2800„
611 2325 724 2379 Inachus
741 2342 810 2379 anne
827 2330 889 2379 ante
904 2325 974 2379 hunc
991 2325 1181 2380 sexcentesimo
1198 2327 1391 2397 septuagesimo

243 2421 320 2482 quarm
330 2414 418 2485 coepit
428 2411 526 2483 periodi
537 2412 586 2468 lul.
596 2410 685 2477 2856„
701 2412 794 2465 muudi
805 2412 885 2465 2126:
901 2417 963 2483 post
973 2411 1099 2466 dilnvium
1109 2411 1181 2478 471,
1197 2417 1258 2482 post
1268 2411 1392 2466 Abraami

243 2509 313 2554 ortum
326 2501 383 2557 179.
413 2500 532 2570 (lamque
547 2497 681 2553 Israelitae
695 2515 766 2553 anno
782 2515 837 2570 per.
853 2499 902 2553 lul.
912 2497 1002 2564 3183,
1018 2498 1111 2553 mundi
1121 2498 1208 2564 2453,
1226 2515 1261 2552 ex
1271 2499 1390 2570 Aegypto

242 2587 409 2656 migraverint,
419 2584 510 2639 inachi
517 2585 688 2657 primordium
695 2586 796 2656 hleysis
804 2586 979 2656 principatum
988 2585 1117 2639 antecedit
1128 2585 1204 2639 annis
1213 2585 1266 2640 lere
1277 2599 1390 2640 cccxxv.

243 2671 337 2726 lantum
352 2679 474 2727 veterum
495 2672 651 2744 eerIptorum
671 2677 699 2727 et
713 2671 853 2744 Epiphanii
868 2670 1039 2743 chronologia
1058 2672 1160 2727 aroris
1181 2679 1328 2744 temporum
1349 2687 1391 2726 ra·

243 2759 340 2812 tionibus
356 2759 470 2812 aberrat.

296 2839 332 2896 oc
342 2841 453 2916 δυγάιηρ
465 2840 531 2914 Eo]
556 2843 628 2899 Haec
638 2859 673 2899 ex
683 2843 790 2899 Eusebii
801 2843 935 2899 chronicis
947 2844 1103 2916 interpolate
1118 2850 1188 2900 sunt
1212 2844 1341 2900 Eusebius
1357 2843 1391 2898 ad

243 2945 326 2984 mnum
336 2946 390 2985 cu
407 2929 473 2984 haec
488 2933 576 2983 notat:
602 2930 766 3001 Inachifilia
783 2931 828 2995 Io,
845 2949 920 3000 quam
932 2931 1056 3001 Aegyptii
1072 2940 1165 2984 mutato
1182 2935 1279 2984 tremine
1295 2931 1391 2985 Isidem

244 3018 319 3071 oenc
342 3018 368 3068 A
383 3025 463 3088 patre
477 3015 578 3070 Iacche
593 3015 810 3087 Iacchusfluoc'ue
825 3019 898 3087 opud
907 3017 1007 3085 Arpos,
1020 3019 1104 3087 afilia
1115 3018 1177 3070 Ioue
1190 3017 1319 3088 Bosporus
1329 3037 1390 3070 uun·

243 3111 344 3170 apator.
366 3103 403 3156 At
414 3117 484 3156 enno
497 3115 664 3158 ccccnxxxrr
680 3102 724 3167 Io,
741 3101 839 3173 inquit,
856 3103 996 3173 Iesifila'ae
1008 3103 1108 3172 Jupiter·
1123 3108 1215 3156 umus
1231 3113 1278 3168 est,
1297 3123 1347 3174 quc
1363 3107 1391 3156 iu

243 3185 324 3251 δοιιιι,
334 3199 364 3242 st
373 3189 478 3252 dicitur,
489 3205 577 3252 meo,
590 3187 721 3259 Bouporns
732 3190 878 3258 appellatus
888 3197 938 3252 σοις
950 3199 974 3241 ct
983 3191 1117 3242 sewudom
1128 3191 1258 3242 uouuollee
1267 3193 1295 3241 ιἰι
1305 3189 1391 3258 Aegy·

241 3280 297 3339 pta·
304 3279 425 3344 prosecta
436 3273 489 3326 late
499 3283 655 3344 noncupata.
680 3274 712 3328 In
728 3273 847 3340 Graecis,
863 3289 931 3344 quae
947 3289 981 3327 ex
999 3273 1112 3344 Georgie
1129 3273 1258 3328 Menacho
1274 3273 1391 3345 Scaliger

244 3360 405 3424 mndnmrit,
416 3376 464 3430 pro
476 3358 528 3412 Iasi
538 3359 664 3431 scriptum
675 3365 716 3413 est
725 3357 833 3431 Ἰνάχου.
850 3359 943 3430 ltaque
955 3359 1019 3413 duas
1031 3359 1147 3414 eiusdem
1158 3359 1271 3413 nominis
1283 3365 1392 3432 apparet

203 3438 204 3453 ¹
243 3439 317 3499 inice
336 3445 377 3499 De
393 3446 481 3516 priore
496 3445 611 3516 loquitur
626 3445 795 3516 Epiphanius.
818 3445 870 3499 Sed
882 3445 931 3500 hoc
944 3445 975 3500 de
991 3461 1039 3500 suo
1054 3461 1192 3516 perpetum
1208 3445 1312 3512 adiecit,
1329 3462 1390 3500 ean·

243 3527 290 3582 den
300 3530 430 3584 Atthidem
444 3531 615 3586 nominatam.
644 3531 711 3585 llam
721 3531 850 3585 Eusebius
866 3549 935 3585 enno
948 3547 1004 3586 rcxr
1021 3529 1115 3584 Granni
1130 3531 1237 3584 secundi
1251 3531 1390 3587 Athenien·

243 3613 300 3668 dum
312 3617 383 3686 regis
399 3617 485 3670 tiliam
500 3615 631 3670 Atthidem
647 3617 767 3671 extitisse
783 3617 887 3687 scribit,
905 3631 922 3670 a
938 3631 991 3688 qua
1004 3617 1091 3671 Attica
1107 3631 1253 3688 cognomen
1270 3619 1391 3686 obtinuit,

244 3713 291 3754 rum
301 3701 425 3756 hactenus
436 3702 503 3756 Acta
512 3708 657 3756 secaretur.
699 3724 704 3734 ·

297 3787 340 3839 hcl
351 3787 429 3840 αὐτοῦ
440 3791 486 3839 τοῦ
496 3785 602 3859 Ἰνάχου,
615 3784 738 3860 Ἄπιδος]
763 3789 877 3844 Multum
892 3787 1041 3860 discrepant
1056 3787 1167 3843 Inachus
1184 3793 1211 3842 et
1223 3788 1296 3862 Apis.
1322 3789 1390 3846 Nam

244 3865 276 3923 hie
290 3873 321 3926 ab
336 3873 381 3928 lile
397 3873 491 3927 tertius
507 3879 549 3927 est
563 3874 592 3929 iu
608 3874 765 3945 Argivorum
781 3891 875 3946 regum
892 3875 973 3941 serie,
995 3889 1074 3946 quere
1091 3875 1249 3946 imprudenti
1264 3875 1314 3930 hoc
1330 3877 1390 3948 Epi·

244 3955 323 4022 phanio
339 3959 445 4014 excidit.

297 4042 341 4095 ilai
352 4042 384 4106 εἰς
395 4042 497 4115 αἱρέσεις
515 4044 683 4114 metesa]
718 4046 783 4112 Quis
800 4045 849 4101 hoc
865 4051 968 4118 praeter
983 4045 1156 4117 Epiphaniam
1172 4045 1251 4112 dixit,
1267 4047 1391 4117 mysteria

244 4125 291 4192 lla,
310 4145 376 4199 quae
392 4130 427 4183 ab
444 4129 560 4201 Orpheo,
581 4132 740 4203 aderisque
757 4131 872 4186 Athenas
889 4133 1029 4204 importata
1045 4131 1159 4198 lucrant,
1176 4131 1390 4204 philosophorum

245 4218 314 4266 netes
324 4229 356 4268 ae
364 4215 491 4285 dogmata
501 4223 679 4288 propagasset
698 4219 778 4272 Plane
789 4217 838 4272 boc
849 4218 995 4272 inauditum
1007 4233 1037 4270 ac
1049 4217 1157 4272 mhum:
1169 4234 1268 4289 neque,
1279 4225 1309 4271 nt
1320 4217 1390 4287 quod

245 4312 277 4348 ιιι
286 4305 323 4351 ast
332 4299 423 4365 fatear,
435 4302 548 4372 speciem
559 4303 641 4356 ullam
651 4303 841 4374 probabilitatis
852 4305 975 4358 eontinet

298 4383 365 4447 Ἕως
377 4389 426 4437 τῶν
437 4387 611 4441 Μακεδονικῶν
622 4389 741 4459 χρόνοι]
767 4389 871 4460 Susque
888 4390 971 4460 deque
987 4387 1081 4442 miscet
1096 4403 1127 4442 ae
1144 4389 1278 4460 perturbet
1295 4388 1389 4454 omnis,

246 4483 287 4521 uon
300 4471 385 4525 miuus
401 4479 549 4543 temporum
570 4491 649 4544 quam
664 4473 780 4527 veritatis
800 4480 827 4528 et
845 4474 968 4528 historiae
991 4491 1105 4528 securus.
1139 4473 1206 4528 Nam
1223 4473 1390 4528 Macedonica

247 4557 360 4624 nupera,
376 4558 471 4628 quibus
482 4559 620 4629 imperium
631 4560 701 4612 istud
711 4559 811 4625 floruit,
828 4560 952 4613 allerxis
964 4565 1048 4613 aetate
1059 4559 1169 4614 mminm
1182 4559 1291 4625 distant,
1307 4560 1389 4614 multo

247 4642 316 4710 mgis
326 4641 613 4699 allabuebodoncaere.
639 4645 673 4698 Et
687 4650 775 4699 tamen
791 4645 824 4698 ad
840 4645 886 4698 illa
896 4652 1014 4716 tempora
1025 4650 1153 4700 sectarum
1164 4645 1293 4716 principes
1303 4644 1389 4700 Philo·

248 4725 327 4794 tcphes
336 4730 456 4783 extitisse
467 4729 549 4783 dccet
568 4731 638 4783 llaec
648 4737 710 4784 sunt
720 4731 916 4784 inextricabilia

301 4811 403 4868 illitos
413 4811 462 4885 γὰρ
472 4815 528 4867 κατ’
538 4811 629 4868 ἐκεῖνον
641 4815 683 4868 ιδν
695 4818 799 4887 sceptu]
822 4817 903 4881 Toto,
920 4815 1017 4887 inquit,
1034 4816 1079 4870 illo
1096 4815 1179 4886 spatio
1196 4815 1269 4871 Plato
1286 4823 1313 4871 et
1330 4823 1389 4871 snte

249 4890 303 4950 lmc
311 4898 482 4972 Pythagoras,
498 4917 531 4956 ac
546 4906 608 4973 pest
620 4902 695 4956 illum
711 4902 838 4974 Epicurus
855 4903 969 4958 emersit.
994 4901 1126 4959 Xerxlsne
1142 4915 1174 4956 ac
1185 4901 1388 4960 llebuchodonc-
