<?xml version="1.0" encoding="UTF-8"?>
<!DOCTYPE html PUBLIC "-//W3C//DTD XHTML 1.0 Transitional//EN"
    "http://www.w3.org/TR/xhtml1/DTD/xhtml1-transitional.dtd">
<html xmlns="http://www.w3.org/1999/xhtml" xml:lang="en" lang="en">
 <head>
  <title>
</title>
<meta http-equiv="Content-Type" content="text/html;charset=utf-8" />
  <meta name='ocr-system' content='tesseract 3.04.00' />
  <meta name='ocr-capabilities' content='ocr_page ocr_carea ocr_par ocr_line ocrx_word'/>
</head>
<body>
  <div class='ocr_page' id='page_1' title='image "./sepiphaniiepisc00epipgoog_0360.png"; bbox 0 0 3650 5642; ppageno 0'>
   <div class='ocr_carea' id='block_1_1' title="bbox 445 623 1207 739">
    <p class='ocr_par' dir='ltr' id='par_1_1' title="bbox 445 623 1207 739">
     <span class='ocr_line' id='line_1_1' title="bbox 445 623 1207 739; baseline 0.001 -35"><span class='ocrx_word' id='word_1_1' title='bbox 445 643 465 704; x_wconf 82' lang='lat' dir='ltr'><strong>t</strong></span> <span class='ocrx_word' id='word_1_2' title='bbox 743 729 747 739; x_wconf 18' lang='grc' dir='ltr'>ι</span> <span class='ocrx_word' id='word_1_3' title='bbox 821 623 915 705; x_wconf 72' lang='lat' dir='ltr'><strong>&#39;sna</strong></span> <span class='ocrx_word' id='word_1_4' title='bbox 934 653 1027 705; x_wconf 86' lang='lat' dir='ltr'><strong>rsrnn</strong></span> <span class='ocrx_word' id='word_1_5' title='bbox 1046 654 1207 708; x_wconf 80' lang='lat' dir='ltr'><strong>arrsronr</strong></span> 
     </span>
    </p>
   </div>
   <div class='ocr_carea' id='block_1_2' title="bbox 316 771 1625 4928">
    <p class='ocr_par' dir='ltr' id='par_1_2' title="bbox 438 771 1583 2024">
     <span class='ocr_line' id='line_1_2' title="bbox 443 771 1570 842; baseline 0.001 -19"><span class='ocrx_word' id='word_1_6' title='bbox 443 782 557 824; x_wconf 83' lang='lat' dir='ltr'><strong>veterum</strong></span> <span class='ocrx_word' id='word_1_7' title='bbox 581 771 658 840; x_wconf 88' lang='lat' dir='ltr'><strong>magis</strong></span> <span class='ocrx_word' id='word_1_8' title='bbox 680 788 754 840; x_wconf 88' lang='lat' dir='ltr'><strong>qnam</strong></span> <span class='ocrx_word' id='word_1_9' title='bbox 777 771 930 841; x_wconf 78' lang='lat' dir='ltr'><strong>Epiphanius</strong></span> <span class='ocrx_word' id='word_1_10' title='bbox 957 783 1036 840; x_wconf 85' lang='lat' dir='ltr'><strong>egeat.</strong></span> <span class='ocrx_word' id='word_1_11' title='bbox 1070 775 1127 836; x_wconf 87' lang='lat' dir='ltr'><strong>Qun</strong></span> <span class='ocrx_word' id='word_1_12' title='bbox 1152 775 1178 824; x_wconf 92' lang='lat' dir='ltr'><strong>iu</strong></span> <span class='ocrx_word' id='word_1_13' title='bbox 1203 790 1294 842; x_wconf 81' lang='lat' dir='ltr'><strong>genere</strong></span> <span class='ocrx_word' id='word_1_14' title='bbox 1316 772 1444 842; x_wconf 78' lang='lat' dir='ltr'><strong>quamvis,</strong></span> <span class='ocrx_word' id='word_1_15' title='bbox 1471 771 1570 824; x_wconf 76' lang='lat' dir='ltr'><strong>Comsdo</strong></span> 
     </span>
     <span class='ocr_line' id='line_1_3' title="bbox 443 857 1573 927; baseline -0.001 -18"><span class='ocrx_word' id='word_1_16' title='bbox 443 869 598 926; x_wconf 85' lang='lat' dir='ltr'><strong>praeeunte,</strong></span> <span class='ocrx_word' id='word_1_17' title='bbox 619 857 734 908; x_wconf 83' lang='lat' dir='ltr'><strong>Petarius</strong></span> <span class='ocrx_word' id='word_1_18' title='bbox 749 871 775 909; x_wconf 91' lang='lat' dir='ltr'><strong>et</strong></span> <span class='ocrx_word' id='word_1_19' title='bbox 791 867 851 925; x_wconf 90' lang='lat' dir='ltr'><strong>post</strong></span> <span class='ocrx_word' id='word_1_20' title='bbox 867 873 923 908; x_wconf 87' lang='lat' dir='ltr'><strong>eum</strong></span> <span class='ocrx_word' id='word_1_21' title='bbox 939 858 1076 910; x_wconf 83' lang='lat' dir='ltr'><strong>Gatakerus</strong></span> <span class='ocrx_word' id='word_1_22' title='bbox 1094 875 1187 927; x_wconf 84' lang='lat' dir='ltr'><strong>operse</strong></span> <span class='ocrx_word' id='word_1_23' title='bbox 1205 859 1312 926; x_wconf 91' lang='lat' dir='ltr'><strong>pretinm</strong></span> <span class='ocrx_word' id='word_1_24' title='bbox 1331 858 1450 925; x_wconf 82' lang='lat' dir='ltr'><strong>iecerint,</strong></span> <span class='ocrx_word' id='word_1_25' title='bbox 1474 858 1573 908; x_wconf 85' lang='lat' dir='ltr'><strong>immerss</strong></span> 
     </span>
     <span class='ocr_line' id='line_1_4' title="bbox 442 941 1573 1012; baseline -0.003 -18"><span class='ocrx_word' id='word_1_26' title='bbox 442 952 526 994; x_wconf 89' lang='lat' dir='ltr'><strong>tamen</strong></span> <span class='ocrx_word' id='word_1_27' title='bbox 544 941 747 993; x_wconf 69' lang='lat' dir='ltr'>emendationum</span> <span class='ocrx_word' id='word_1_28' title='bbox 763 943 853 993; x_wconf 88' lang='lat' dir='ltr'><strong>messis</strong></span> <span class='ocrx_word' id='word_1_29' title='bbox 871 942 986 1002; x_wconf 78' lang='lat' dir='ltr'><strong>iacienda</strong></span> <span class='ocrx_word' id='word_1_30' title='bbox 1004 953 1056 1006; x_wconf 85' lang='lat' dir='ltr'><strong>est,</strong></span> <span class='ocrx_word' id='word_1_31' title='bbox 1082 944 1224 1012; x_wconf 86' lang='lat' dir='ltr'><strong>prinsquam</strong></span> <span class='ocrx_word' id='word_1_32' title='bbox 1243 943 1396 1012; x_wconf 67' lang='lat' dir='ltr'>Epiphanius</span> <span class='ocrx_word' id='word_1_33' title='bbox 1418 943 1462 993; x_wconf 91' lang='lat' dir='ltr'><strong>sibi</strong></span> <span class='ocrx_word' id='word_1_34' title='bbox 1483 943 1523 1010; x_wconf 87' lang='lat' dir='ltr'><strong>ipsi</strong></span> <span class='ocrx_word' id='word_1_35' title='bbox 1535 959 1573 992; x_wconf 87' lang='lat' dir='ltr'><strong>re-</strong></span> 
     </span>
     <span class='ocr_line' id='line_1_5' title="bbox 442 1026 1576 1097; baseline -0.002 -19"><span class='ocrx_word' id='word_1_36' title='bbox 442 1027 544 1078; x_wconf 89' lang='lat' dir='ltr'><strong>stitutas</strong></span> <span class='ocrx_word' id='word_1_37' title='bbox 561 1026 639 1078; x_wconf 85' lang='lat' dir='ltr'><strong>rideri</strong></span> <span class='ocrx_word' id='word_1_38' title='bbox 658 1027 744 1095; x_wconf 87' lang='lat' dir='ltr'><strong>possit.</strong></span> <span class='ocrx_word' id='word_1_39' title='bbox 779 1027 830 1080; x_wconf 81' lang='lat' dir='ltr'><strong>sed</strong></span> <span class='ocrx_word' id='word_1_40' title='bbox 847 1027 996 1078; x_wconf 90' lang='lat' dir='ltr'><strong>emendandi</strong></span> <span class='ocrx_word' id='word_1_41' title='bbox 1015 1029 1142 1096; x_wconf 74' lang='lat' dir='ltr'><strong>negotium</strong></span> <span class='ocrx_word' id='word_1_42' title='bbox 1159 1029 1183 1079; x_wconf 93' lang='lat' dir='ltr'><strong>in</strong></span> <span class='ocrx_word' id='word_1_43' title='bbox 1199 1027 1340 1097; x_wconf 70' lang='lat' dir='ltr'><strong>Epiphanio</strong></span> <span class='ocrx_word' id='word_1_44' title='bbox 1357 1045 1389 1080; x_wconf 91' lang='lat' dir='ltr'><strong>eo</strong></span> <span class='ocrx_word' id='word_1_45' title='bbox 1406 1038 1443 1078; x_wconf 87' lang='lat' dir='ltr'><strong>est</strong></span> <span class='ocrx_word' id='word_1_46' title='bbox 1459 1027 1576 1088; x_wconf 67' lang='lat' dir='ltr'><strong>diffinias,</strong></span> 
     </span>
     <span class='ocr_line' id='line_1_6' title="bbox 442 1111 1576 1182; baseline 0 -20"><span class='ocrx_word' id='word_1_47' title='bbox 442 1111 511 1180; x_wconf 85' lang='lat' dir='ltr'><strong>qnod</strong></span> <span class='ocrx_word' id='word_1_48' title='bbox 528 1112 572 1163; x_wconf 91' lang='lat' dir='ltr'><strong>ille</strong></span> <span class='ocrx_word' id='word_1_49' title='bbox 590 1111 689 1163; x_wconf 87' lang='lat' dir='ltr'><strong>dicendi</strong></span> <span class='ocrx_word' id='word_1_50' title='bbox 706 1128 798 1180; x_wconf 86' lang='lat' dir='ltr'><strong>genere</strong></span> <span class='ocrx_word' id='word_1_51' title='bbox 814 1112 929 1181; x_wconf 87' lang='lat' dir='ltr'><strong>squalido</strong></span> <span class='ocrx_word' id='word_1_52' title='bbox 947 1130 994 1164; x_wconf 92' lang='lat' dir='ltr'><strong>nec</strong></span> <span class='ocrx_word' id='word_1_53' title='bbox 1010 1113 1070 1164; x_wconf 79' lang='lat' dir='ltr'><strong>setis</strong></span> <span class='ocrx_word' id='word_1_54' title='bbox 1090 1114 1186 1165; x_wconf 87' lang='lat' dir='ltr'><strong>Graeco</strong></span> <span class='ocrx_word' id='word_1_55' title='bbox 1204 1131 1260 1165; x_wconf 87' lang='lat' dir='ltr'><strong>usus</strong></span> <span class='ocrx_word' id='word_1_56' title='bbox 1278 1125 1337 1176; x_wconf 90' lang='lat' dir='ltr'><strong>est,</strong></span> <span class='ocrx_word' id='word_1_57' title='bbox 1355 1125 1382 1164; x_wconf 91' lang='lat' dir='ltr'><strong>nt</strong></span> <span class='ocrx_word' id='word_1_58' title='bbox 1398 1131 1470 1182; x_wconf 82' lang='lat' dir='ltr'><strong>ssepe</strong></span> <span class='ocrx_word' id='word_1_59' title='bbox 1484 1111 1576 1170; x_wconf 84' lang='lat' dir='ltr'><strong>dubites,</strong></span> 
     </span>
     <span class='ocr_line' id='line_1_7' title="bbox 441 1195 1577 1266; baseline 0 -20"><span class='ocrx_word' id='word_1_60' title='bbox 441 1195 501 1264; x_wconf 91' lang='lat' dir='ltr'><strong>quid</strong></span> <span class='ocrx_word' id='word_1_61' title='bbox 518 1196 570 1260; x_wconf 89' lang='lat' dir='ltr'><strong>illi,</strong></span> <span class='ocrx_word' id='word_1_62' title='bbox 587 1196 647 1265; x_wconf 91' lang='lat' dir='ltr'><strong>qnid</strong></span> <span class='ocrx_word' id='word_1_63' title='bbox 664 1197 821 1250; x_wconf 77' lang='lat' dir='ltr'><strong>librariorum</strong></span> <span class='ocrx_word' id='word_1_64' title='bbox 839 1197 960 1248; x_wconf 90' lang='lat' dir='ltr'><strong>bsrbariei</strong></span> <span class='ocrx_word' id='word_1_65' title='bbox 977 1198 1162 1250; x_wconf 85' lang='lat' dir='ltr'><strong>attribuendum</strong></span> <span class='ocrx_word' id='word_1_66' title='bbox 1178 1199 1219 1251; x_wconf 90' lang='lat' dir='ltr'><strong>sit.</strong></span> <span class='ocrx_word' id='word_1_67' title='bbox 1254 1200 1309 1249; x_wconf 81' lang='lat' dir='ltr'><strong>Huc</strong></span> <span class='ocrx_word' id='word_1_68' title='bbox 1325 1197 1433 1260; x_wconf 82' lang='lat' dir='ltr'><strong>accedit,</strong></span> <span class='ocrx_word' id='word_1_69' title='bbox 1449 1197 1508 1266; x_wconf 85' lang='lat' dir='ltr'><strong>qnod</strong></span> <span class='ocrx_word' id='word_1_70' title='bbox 1521 1195 1577 1246; x_wconf 85' lang='lat' dir='ltr'><strong>scri-</strong></span> 
     </span>
     <span class='ocr_line' id='line_1_8' title="bbox 440 1281 1579 1352; baseline -0.001 -21"><span class='ocrx_word' id='word_1_71' title='bbox 440 1292 543 1348; x_wconf 90' lang='lat' dir='ltr'><strong>ptores,</strong></span> <span class='ocrx_word' id='word_1_72' title='bbox 561 1299 592 1332; x_wconf 79' lang='lat' dir='ltr'><strong>ex</strong></span> <span class='ocrx_word' id='word_1_73' title='bbox 609 1282 697 1350; x_wconf 89' lang='lat' dir='ltr'><strong>quibus</strong></span> <span class='ocrx_word' id='word_1_74' title='bbox 713 1283 757 1334; x_wconf 90' lang='lat' dir='ltr'><strong>ille</strong></span> <span class='ocrx_word' id='word_1_75' title='bbox 774 1283 873 1346; x_wconf 87' lang='lat' dir='ltr'><strong>hausit,</strong></span> <span class='ocrx_word' id='word_1_76' title='bbox 890 1281 990 1333; x_wconf 88' lang='lat' dir='ltr'><strong>dicendi</strong></span> <span class='ocrx_word' id='word_1_77' title='bbox 1007 1301 1099 1350; x_wconf 88' lang='lat' dir='ltr'><strong>genere</strong></span> <span class='ocrx_word' id='word_1_78' title='bbox 1115 1285 1180 1335; x_wconf 92' lang='lat' dir='ltr'><strong>inter</strong></span> <span class='ocrx_word' id='word_1_79' title='bbox 1197 1302 1224 1336; x_wconf 89' lang='lat' dir='ltr'><strong>se</strong></span> <span class='ocrx_word' id='word_1_80' title='bbox 1242 1301 1315 1352; x_wconf 90' lang='lat' dir='ltr'><strong>qnam</strong></span> <span class='ocrx_word' id='word_1_81' title='bbox 1332 1283 1438 1334; x_wconf 81' lang='lat' dir='ltr'><strong>maxime</strong></span> <span class='ocrx_word' id='word_1_82' title='bbox 1454 1284 1579 1348; x_wconf 81' lang='lat' dir='ltr'><strong>discrepent</strong></span> 
     </span>
     <span class='ocr_line' id='line_1_9' title="bbox 440 1365 1580 1436; baseline -0.002 -19"><span class='ocrx_word' id='word_1_83' title='bbox 440 1376 469 1418; x_wconf 89' lang='lat' dir='ltr'><strong>et</strong></span> <span class='ocrx_word' id='word_1_84' title='bbox 485 1366 665 1418; x_wconf 89' lang='lat' dir='ltr'><strong>sententiarum</strong></span> <span class='ocrx_word' id='word_1_85' title='bbox 683 1367 834 1419; x_wconf 86' lang='lat' dir='ltr'><strong>ubscuritate</strong></span> <span class='ocrx_word' id='word_1_86' title='bbox 850 1367 918 1419; x_wconf 88' lang='lat' dir='ltr'><strong>hsud</strong></span> <span class='ocrx_word' id='word_1_87' title='bbox 934 1385 992 1418; x_wconf 85' lang='lat' dir='ltr'><strong>raro</strong></span> <span class='ocrx_word' id='word_1_88' title='bbox 1009 1367 1133 1420; x_wconf 90' lang='lat' dir='ltr'><strong>laborant.</strong></span> <span class='ocrx_word' id='word_1_89' title='bbox 1168 1368 1230 1420; x_wconf 88' lang='lat' dir='ltr'><strong>inde</strong></span> <span class='ocrx_word' id='word_1_90' title='bbox 1248 1369 1356 1430; x_wconf 76' lang='lat' dir='ltr'><strong>iactum,</strong></span> <span class='ocrx_word' id='word_1_91' title='bbox 1375 1379 1403 1418; x_wconf 93' lang='lat' dir='ltr'><strong>ut</strong></span> <span class='ocrx_word' id='word_1_92' title='bbox 1419 1381 1510 1436; x_wconf 78' lang='lat' dir='ltr'><strong>praeter</strong></span> <span class='ocrx_word' id='word_1_93' title='bbox 1522 1365 1580 1416; x_wconf 72' lang='lat' dir='ltr'><strong>inr-</strong></span> 
     </span>
     <span class='ocr_line' id='line_1_10' title="bbox 440 1452 1580 1522; baseline -0.002 -20"><span class='ocrx_word' id='word_1_94' title='bbox 440 1452 544 1514; x_wconf 87' lang='lat' dir='ltr'><strong>uarium,</strong></span> <span class='ocrx_word' id='word_1_95' title='bbox 562 1452 692 1504; x_wconf 81' lang='lat' dir='ltr'><strong>Petsrium</strong></span> <span class='ocrx_word' id='word_1_96' title='bbox 707 1464 733 1504; x_wconf 92' lang='lat' dir='ltr'><strong>et</strong></span> <span class='ocrx_word' id='word_1_97' title='bbox 743 1453 896 1506; x_wconf 80' lang='lat' dir='ltr'><strong>Gatakerum</strong></span> <span class='ocrx_word' id='word_1_98' title='bbox 906 1469 982 1504; x_wconf 89' lang='lat' dir='ltr'><strong>nemo</strong></span> <span class='ocrx_word' id='word_1_99' title='bbox 996 1453 1029 1504; x_wconf 89' lang='lat' dir='ltr'><strong>sit</strong></span> <span class='ocrx_word' id='word_1_100' title='bbox 1043 1465 1164 1520; x_wconf 91' lang='lat' dir='ltr'><strong>repertus,</strong></span> <span class='ocrx_word' id='word_1_101' title='bbox 1182 1453 1224 1522; x_wconf 93' lang='lat' dir='ltr'><strong>qni</strong></span> <span class='ocrx_word' id='word_1_102' title='bbox 1234 1454 1400 1521; x_wconf 85' lang='lat' dir='ltr'><strong>Epiphaninm</strong></span> <span class='ocrx_word' id='word_1_103' title='bbox 1415 1454 1526 1520; x_wconf 89' lang='lat' dir='ltr'><strong>integrum</strong></span> <span class='ocrx_word' id='word_1_104' title='bbox 1540 1461 1580 1500; x_wconf 89' lang='lat' dir='ltr'><strong>sut</strong></span> 
     </span>
     <span class='ocr_line' id='line_1_11' title="bbox 440 1535 1581 1606; baseline -0.002 -18"><span class='ocrx_word' id='word_1_105' title='bbox 440 1555 471 1588; x_wconf 82' lang='lat' dir='ltr'><strong>es</strong></span> <span class='ocrx_word' id='word_1_106' title='bbox 488 1549 560 1606; x_wconf 85' lang='lat' dir='ltr'><strong>parte</strong></span> <span class='ocrx_word' id='word_1_107' title='bbox 577 1537 610 1588; x_wconf 88' lang='lat' dir='ltr'><strong>de</strong></span> <span class='ocrx_word' id='word_1_108' title='bbox 626 1535 747 1588; x_wconf 90' lang='lat' dir='ltr'><strong>industria</strong></span> <span class='ocrx_word' id='word_1_109' title='bbox 766 1549 901 1600; x_wconf 72' lang='lat' dir='ltr'><strong>tractaret,</strong></span> <span class='ocrx_word' id='word_1_110' title='bbox 931 1549 1007 1606; x_wconf 90' lang='lat' dir='ltr'><strong>utque</strong></span> <span class='ocrx_word' id='word_1_111' title='bbox 1025 1555 1055 1588; x_wconf 83' lang='lat' dir='ltr'><strong>ex</strong></span> <span class='ocrx_word' id='word_1_112' title='bbox 1072 1537 1191 1590; x_wconf 86' lang='lat' dir='ltr'><strong>immensa</strong></span> <span class='ocrx_word' id='word_1_113' title='bbox 1209 1537 1393 1605; x_wconf 90' lang='lat' dir='ltr'><strong>philologorum</strong></span> <span class='ocrx_word' id='word_1_114' title='bbox 1410 1555 1494 1605; x_wconf 84' lang='lat' dir='ltr'><strong>grege,</strong></span> <span class='ocrx_word' id='word_1_115' title='bbox 1514 1553 1581 1586; x_wconf 82' lang='lat' dir='ltr'><strong>eroe-</strong></span> 
     </span>
     <span class='ocr_line' id='line_1_12' title="bbox 439 1621 1582 1692; baseline 0.001 -22"><span class='ocrx_word' id='word_1_116' title='bbox 439 1622 491 1690; x_wconf 91' lang='lat' dir='ltr'><strong>ptis</strong></span> <span class='ocrx_word' id='word_1_117' title='bbox 507 1622 660 1691; x_wconf 76' lang='lat' dir='ltr'><strong>philologiae</strong></span> <span class='ocrx_word' id='word_1_118' title='bbox 676 1622 808 1685; x_wconf 91' lang='lat' dir='ltr'><strong>heroibus,</strong></span> <span class='ocrx_word' id='word_1_119' title='bbox 826 1623 953 1691; x_wconf 79' lang='lat' dir='ltr'><strong>scaligero</strong></span> <span class='ocrx_word' id='word_1_120' title='bbox 970 1635 996 1674; x_wconf 91' lang='lat' dir='ltr'><strong>et</strong></span> <span class='ocrx_word' id='word_1_121' title='bbox 1015 1623 1172 1686; x_wconf 74' lang='lat' dir='ltr'><strong>casaubono,</strong></span> <span class='ocrx_word' id='word_1_122' title='bbox 1189 1623 1327 1692; x_wconf 88' lang='lat' dir='ltr'><strong>horumque</strong></span> <span class='ocrx_word' id='word_1_123' title='bbox 1343 1623 1445 1674; x_wconf 89' lang='lat' dir='ltr'><strong>aemulis</strong></span> <span class='ocrx_word' id='word_1_124' title='bbox 1462 1621 1513 1672; x_wconf 80' lang='lat' dir='ltr'><strong>siris</strong></span> <span class='ocrx_word' id='word_1_125' title='bbox 1528 1637 1582 1670; x_wconf 85' lang='lat' dir='ltr'><strong>eru·</strong></span> 
     </span>
     <span class='ocr_line' id='line_1_13' title="bbox 439 1707 1582 1776; baseline -0.003 -18"><span class='ocrx_word' id='word_1_126' title='bbox 439 1707 516 1770; x_wconf 90' lang='lat' dir='ltr'><strong>ditis,</strong></span> <span class='ocrx_word' id='word_1_127' title='bbox 544 1725 620 1760; x_wconf 86' lang='lat' dir='ltr'><strong>nemo</strong></span> <span class='ocrx_word' id='word_1_128' title='bbox 637 1707 804 1774; x_wconf 82' lang='lat' dir='ltr'><strong>Epiphaniam</strong></span> <span class='ocrx_word' id='word_1_129' title='bbox 821 1726 871 1759; x_wconf 92' lang='lat' dir='ltr'><strong>non</strong></span> <span class='ocrx_word' id='word_1_130' title='bbox 890 1709 948 1760; x_wconf 89' lang='lat' dir='ltr'><strong>dico</strong></span> <span class='ocrx_word' id='word_1_131' title='bbox 971 1707 1107 1760; x_wconf 74' lang='lat' dir='ltr'><strong>accuratius</strong></span> <span class='ocrx_word' id='word_1_132' title='bbox 1125 1707 1274 1776; x_wconf 77' lang='lat' dir='ltr'><strong>inspiceret,</strong></span> <span class='ocrx_word' id='word_1_133' title='bbox 1303 1708 1348 1758; x_wconf 91' lang='lat' dir='ltr'><strong>sed</strong></span> <span class='ocrx_word' id='word_1_134' title='bbox 1366 1707 1468 1760; x_wconf 91' lang='lat' dir='ltr'><strong>omnino</strong></span> <span class='ocrx_word' id='word_1_135' title='bbox 1491 1707 1582 1773; x_wconf 82' lang='lat' dir='ltr'><strong>legeret.</strong></span> 
     </span>
     <span class='ocr_line' id='line_1_14' title="bbox 439 1791 1583 1862; baseline -0.005 -16"><span class='ocrx_word' id='word_1_136' title='bbox 439 1793 565 1862; x_wconf 86' lang='lat' dir='ltr'><strong>Theologi</strong></span> <span class='ocrx_word' id='word_1_137' title='bbox 582 1805 666 1844; x_wconf 89' lang='lat' dir='ltr'><strong>antem</strong></span> <span class='ocrx_word' id='word_1_138' title='bbox 684 1803 758 1856; x_wconf 82' lang='lat' dir='ltr'><strong>(nant</strong></span> <span class='ocrx_word' id='word_1_139' title='bbox 770 1793 818 1844; x_wconf 81' lang='lat' dir='ltr'><strong>reti</strong></span> <span class='ocrx_word' id='word_1_140' title='bbox 835 1793 955 1846; x_wconf 77' lang='lat' dir='ltr'><strong>exstitere</strong></span> <span class='ocrx_word' id='word_1_141' title='bbox 965 1794 1061 1846; x_wconf 77' lang='lat' dir='ltr'><strong>Peterii</strong></span> <span class='ocrx_word' id='word_1_142' title='bbox 1077 1805 1104 1846; x_wconf 93' lang='lat' dir='ltr'><strong>et</strong></span> <span class='ocrx_word' id='word_1_143' title='bbox 1116 1793 1246 1860; x_wconf 82' lang='lat' dir='ltr'><strong>Gstakeri)</strong></span> <span class='ocrx_word' id='word_1_144' title='bbox 1265 1793 1409 1862; x_wconf 87' lang='lat' dir='ltr'><strong>plerumque</strong></span> <span class='ocrx_word' id='word_1_145' title='bbox 1426 1791 1482 1844; x_wconf 85' lang='lat' dir='ltr'><strong>sstis</strong></span> <span class='ocrx_word' id='word_1_146' title='bbox 1497 1791 1583 1842; x_wconf 85' lang='lat' dir='ltr'><strong>hsbue·</strong></span> 
     </span>
     <span class='ocr_line' id='line_1_15' title="bbox 438 1875 1582 1948; baseline -0.003 -19"><span class='ocrx_word' id='word_1_147' title='bbox 438 1890 515 1940; x_wconf 88' lang='lat' dir='ltr'><strong>runt,</strong></span> <span class='ocrx_word' id='word_1_148' title='bbox 536 1878 671 1930; x_wconf 85' lang='lat' dir='ltr'><strong>haeresium</strong></span> <span class='ocrx_word' id='word_1_149' title='bbox 690 1889 717 1928; x_wconf 91' lang='lat' dir='ltr'><strong>et</strong></span> <span class='ocrx_word' id='word_1_150' title='bbox 730 1877 874 1946; x_wconf 84' lang='lat' dir='ltr'><strong>dogmatum</strong></span> <span class='ocrx_word' id='word_1_151' title='bbox 889 1879 1050 1947; x_wconf 87' lang='lat' dir='ltr'><strong>testimonia,</strong></span> <span class='ocrx_word' id='word_1_152' title='bbox 1068 1891 1191 1948; x_wconf 87' lang='lat' dir='ltr'><strong>utcunque</strong></span> <span class='ocrx_word' id='word_1_153' title='bbox 1208 1877 1306 1930; x_wconf 87' lang='lat' dir='ltr'><strong>mendis</strong></span> <span class='ocrx_word' id='word_1_154' title='bbox 1324 1878 1414 1930; x_wconf 82' lang='lat' dir='ltr'><strong>vitiata</strong></span> <span class='ocrx_word' id='word_1_155' title='bbox 1431 1889 1456 1929; x_wconf 92' lang='lat' dir='ltr'><strong>et</strong></span> <span class='ocrx_word' id='word_1_156' title='bbox 1471 1876 1530 1928; x_wconf 87' lang='lat' dir='ltr'><strong>male</strong></span> <span class='ocrx_word' id='word_1_157' title='bbox 1545 1875 1582 1926; x_wconf 91' lang='lat' dir='ltr'><strong>in-</strong></span> 
     </span>
     <span class='ocr_line' id='line_1_16' title="bbox 439 1962 774 2024; baseline -0.003 -10"><span class='ocrx_word' id='word_1_158' title='bbox 439 1963 560 2024; x_wconf 87' lang='lat' dir='ltr'><strong>tellecta,</strong></span> <span class='ocrx_word' id='word_1_159' title='bbox 578 1980 611 2013; x_wconf 84' lang='lat' dir='ltr'><strong>ex</strong></span> <span class='ocrx_word' id='word_1_160' title='bbox 627 1979 659 2014; x_wconf 92' lang='lat' dir='ltr'><strong>eo</strong></span> <span class='ocrx_word' id='word_1_161' title='bbox 675 1962 774 2014; x_wconf 81' lang='lat' dir='ltr'><strong>afferre.</strong></span> 
     </span>
    </p>

    <p class='ocr_par' dir='ltr' id='par_1_3' title="bbox 430 2045 1625 3394">
     <span class='ocr_line' id='line_1_17' title="bbox 507 2045 1583 2118; baseline -0.006 -18"><span class='ocrx_word' id='word_1_162' title='bbox 507 2049 564 2111; x_wconf 87' lang='lat' dir='ltr'><strong>Quo</strong></span> <span class='ocrx_word' id='word_1_163' title='bbox 581 2047 659 2115; x_wconf 88' lang='lat' dir='ltr'><strong>msgis</strong></span> <span class='ocrx_word' id='word_1_164' title='bbox 673 2049 744 2110; x_wconf 88' lang='lat' dir='ltr'><strong>Tua,</strong></span> <span class='ocrx_word' id='word_1_165' title='bbox 761 2048 795 2098; x_wconf 92' lang='lat' dir='ltr'><strong>mi</strong></span> <span class='ocrx_word' id='word_1_166' title='bbox 813 2049 935 2112; x_wconf 80' lang='lat' dir='ltr'><strong>oehlere,</strong></span> <span class='ocrx_word' id='word_1_167' title='bbox 952 2049 1076 2102; x_wconf 85' lang='lat' dir='ltr'><strong>laudanda</strong></span> <span class='ocrx_word' id='word_1_168' title='bbox 1092 2061 1131 2101; x_wconf 91' lang='lat' dir='ltr'><strong>est</strong></span> <span class='ocrx_word' id='word_1_169' title='bbox 1146 2049 1281 2110; x_wconf 85' lang='lat' dir='ltr'><strong>industria,</strong></span> <span class='ocrx_word' id='word_1_170' title='bbox 1300 2047 1357 2118; x_wconf 92' lang='lat' dir='ltr'><strong>qui,</strong></span> <span class='ocrx_word' id='word_1_171' title='bbox 1374 2065 1426 2099; x_wconf 89' lang='lat' dir='ltr'><strong>nnn</strong></span> <span class='ocrx_word' id='word_1_172' title='bbox 1444 2045 1583 2100; x_wconf 76' lang='lat' dir='ltr'><strong>reformida-</strong></span> 
     </span>
     <span class='ocr_line' id='line_1_18' title="bbox 437 2129 1583 2203; baseline -0.004 -20"><span class='ocrx_word' id='word_1_173' title='bbox 437 2131 471 2183; x_wconf 85' lang='lat' dir='ltr'><strong>tis</strong></span> <span class='ocrx_word' id='word_1_174' title='bbox 488 2131 537 2200; x_wconf 85' lang='lat' dir='ltr'><strong>iis,</strong></span> <span class='ocrx_word' id='word_1_175' title='bbox 560 2149 624 2202; x_wconf 87' lang='lat' dir='ltr'><strong>quse</strong></span> <span class='ocrx_word' id='word_1_176' title='bbox 642 2131 710 2194; x_wconf 82' lang='lat' dir='ltr'><strong>disi,</strong></span> <span class='ocrx_word' id='word_1_177' title='bbox 737 2133 828 2186; x_wconf 75' lang='lat' dir='ltr'><strong>criseoe</strong></span> <span class='ocrx_word' id='word_1_178' title='bbox 847 2133 1031 2202; x_wconf 79' lang='lat' dir='ltr'><strong>Epiphanianae</strong></span> <span class='ocrx_word' id='word_1_179' title='bbox 1056 2135 1257 2203; x_wconf 85' lang='lat' dir='ltr'><strong>impedimentis,</strong></span> <span class='ocrx_word' id='word_1_180' title='bbox 1286 2133 1318 2184; x_wconf 90' lang='lat' dir='ltr'><strong>ad</strong></span> <span class='ocrx_word' id='word_1_181' title='bbox 1335 2149 1391 2183; x_wconf 87' lang='lat' dir='ltr'><strong>eam</strong></span> <span class='ocrx_word' id='word_1_182' title='bbox 1408 2145 1434 2184; x_wconf 93' lang='lat' dir='ltr'><strong>te</strong></span> <span class='ocrx_word' id='word_1_183' title='bbox 1457 2129 1583 2188; x_wconf 78' lang='lat' dir='ltr'><strong>seduxisti,</strong></span> 
     </span>
     <span class='ocr_line' id='line_1_19' title="bbox 437 2217 1583 2287; baseline -0.003 -21"><span class='ocrx_word' id='word_1_184' title='bbox 437 2217 660 2283; x_wconf 63' lang='lat' dir='ltr'><strong>subsidianaviter</strong></span> <span class='ocrx_word' id='word_1_185' title='bbox 676 2218 828 2286; x_wconf 78' lang='lat' dir='ltr'><strong>explorasti,</strong></span> <span class='ocrx_word' id='word_1_186' title='bbox 855 2220 984 2287; x_wconf 80' lang='lat' dir='ltr'><strong>explorata</strong></span> <span class='ocrx_word' id='word_1_187' title='bbox 1002 2223 1070 2272; x_wconf 91' lang='lat' dir='ltr'><strong>Tuos</strong></span> <span class='ocrx_word' id='word_1_188' title='bbox 1087 2220 1112 2271; x_wconf 93' lang='lat' dir='ltr'><strong>in</strong></span> <span class='ocrx_word' id='word_1_189' title='bbox 1138 2238 1194 2271; x_wconf 88' lang='lat' dir='ltr'><strong>usus</strong></span> <span class='ocrx_word' id='word_1_190' title='bbox 1212 2219 1366 2272; x_wconf 83' lang='lat' dir='ltr'><strong>convertisti.</strong></span> <span class='ocrx_word' id='word_1_191' title='bbox 1400 2217 1465 2268; x_wconf 85' lang='lat' dir='ltr'><strong>Nam</strong></span> <span class='ocrx_word' id='word_1_192' title='bbox 1488 2217 1583 2284; x_wconf 88' lang='lat' dir='ltr'><strong>primum</strong></span> 
     </span>
     <span class='ocr_line' id='line_1_20' title="bbox 435 2301 1584 2374; baseline -0.003 -22"><span class='ocrx_word' id='word_1_193' title='bbox 435 2301 536 2372; x_wconf 87' lang='lat' dir='ltr'><strong>quidem</strong></span> <span class='ocrx_word' id='word_1_194' title='bbox 561 2303 654 2356; x_wconf 88' lang='lat' dir='ltr'><strong>codicis</strong></span> <span class='ocrx_word' id='word_1_195' title='bbox 672 2305 762 2354; x_wconf 89' lang='lat' dir='ltr'><strong>Veneti</strong></span> <span class='ocrx_word' id='word_1_196' title='bbox 788 2320 836 2373; x_wconf 92' lang='lat' dir='ltr'><strong>ope</strong></span> <span class='ocrx_word' id='word_1_197' title='bbox 863 2303 926 2355; x_wconf 84' lang='lat' dir='ltr'><strong>lolia</strong></span> <span class='ocrx_word' id='word_1_198' title='bbox 943 2305 1094 2374; x_wconf 77' lang='lat' dir='ltr'><strong>transpositu</strong></span> <span class='ocrx_word' id='word_1_199' title='bbox 1112 2321 1168 2356; x_wconf 83' lang='lat' dir='ltr'><strong>snus</strong></span> <span class='ocrx_word' id='word_1_200' title='bbox 1186 2304 1218 2356; x_wconf 87' lang='lat' dir='ltr'><strong>nd</strong></span> <span class='ocrx_word' id='word_1_201' title='bbox 1235 2303 1305 2355; x_wconf 81' lang='lat' dir='ltr'><strong>sedes</strong></span> <span class='ocrx_word' id='word_1_202' title='bbox 1331 2303 1470 2364; x_wconf 81' lang='lat' dir='ltr'><strong>revocasti,</strong></span> <span class='ocrx_word' id='word_1_203' title='bbox 1494 2301 1584 2351; x_wconf 85' lang='lat' dir='ltr'><strong>lacnnss</strong></span> 
     </span>
     <span class='ocr_line' id='line_1_21' title="bbox 435 2383 1585 2458; baseline -0.004 -20"><span class='ocrx_word' id='word_1_204' title='bbox 435 2387 575 2456; x_wconf 77' lang='lat' dir='ltr'><strong>explevisti.</strong></span> <span class='ocrx_word' id='word_1_205' title='bbox 593 2389 712 2457; x_wconf 87' lang='lat' dir='ltr'><strong>plurimos</strong></span> <span class='ocrx_word' id='word_1_206' title='bbox 730 2389 799 2440; x_wconf 90' lang='lat' dir='ltr'><strong>locos</strong></span> <span class='ocrx_word' id='word_1_207' title='bbox 817 2401 949 2457; x_wconf 86' lang='lat' dir='ltr'><strong>corruptos</strong></span> <span class='ocrx_word' id='word_1_208' title='bbox 967 2391 1120 2458; x_wconf 79' lang='lat' dir='ltr'><strong>persanasti;</strong></span> <span class='ocrx_word' id='word_1_209' title='bbox 1138 2408 1219 2458; x_wconf 87' lang='lat' dir='ltr'><strong>neque</strong></span> <span class='ocrx_word' id='word_1_210' title='bbox 1237 2407 1296 2440; x_wconf 84' lang='lat' dir='ltr'><strong>vero</strong></span> <span class='ocrx_word' id='word_1_211' title='bbox 1314 2387 1454 2456; x_wconf 75' lang='lat' dir='ltr'><strong>neglexisti,</strong></span> <span class='ocrx_word' id='word_1_212' title='bbox 1473 2404 1532 2456; x_wconf 87' lang='lat' dir='ltr'><strong>qnae</strong></span> <span class='ocrx_word' id='word_1_213' title='bbox 1549 2383 1585 2434; x_wconf 88' lang='lat' dir='ltr'><strong>slii</strong></span> 
     </span>
     <span class='ocr_line' id='line_1_22' title="bbox 435 2471 1584 2542; baseline -0.005 -18"><span class='ocrx_word' id='word_1_214' title='bbox 435 2473 536 2525; x_wconf 85' lang='lat' dir='ltr'><strong>codices</strong></span> <span class='ocrx_word' id='word_1_215' title='bbox 553 2492 628 2526; x_wconf 89' lang='lat' dir='ltr'><strong>maun</strong></span> <span class='ocrx_word' id='word_1_216' title='bbox 645 2474 734 2542; x_wconf 82' lang='lat' dir='ltr'><strong>scripti</strong></span> <span class='ocrx_word' id='word_1_217' title='bbox 750 2484 776 2526; x_wconf 90' lang='lat' dir='ltr'><strong>et</strong></span> <span class='ocrx_word' id='word_1_218' title='bbox 794 2473 872 2526; x_wconf 88' lang='lat' dir='ltr'><strong>editio</strong></span> <span class='ocrx_word' id='word_1_219' title='bbox 889 2474 1005 2542; x_wconf 85' lang='lat' dir='ltr'><strong>princeps</strong></span> <span class='ocrx_word' id='word_1_220' title='bbox 1022 2475 1054 2526; x_wconf 92' lang='lat' dir='ltr'><strong>ad</strong></span> <span class='ocrx_word' id='word_1_221' title='bbox 1072 2475 1253 2526; x_wconf 86' lang='lat' dir='ltr'><strong>emendandum</strong></span> <span class='ocrx_word' id='word_1_222' title='bbox 1272 2473 1436 2542; x_wconf 79' lang='lat' dir='ltr'><strong>Epiplrnninm</strong></span> <span class='ocrx_word' id='word_1_223' title='bbox 1454 2471 1584 2524; x_wconf 79' lang='lat' dir='ltr'><strong>ounlernnt</strong></span> 
     </span>
     <span class='ocr_line' id='line_1_23' title="bbox 435 2555 1625 2628; baseline -0.003 -18"><span class='ocrx_word' id='word_1_224' title='bbox 435 2558 549 2622; x_wconf 86' lang='lat' dir='ltr'><strong>Deinde,</strong></span> <span class='ocrx_word' id='word_1_225' title='bbox 576 2577 640 2627; x_wconf 90' lang='lat' dir='ltr'><strong>qnae</strong></span> <span class='ocrx_word' id='word_1_226' title='bbox 656 2559 699 2610; x_wconf 90' lang='lat' dir='ltr'><strong>ille</strong></span> <span class='ocrx_word' id='word_1_227' title='bbox 716 2577 747 2610; x_wconf 83' lang='lat' dir='ltr'><strong>ex</strong></span> <span class='ocrx_word' id='word_1_228' title='bbox 765 2561 868 2610; x_wconf 86' lang='lat' dir='ltr'><strong>irenaeo</strong></span> <span class='ocrx_word' id='word_1_229' title='bbox 886 2570 912 2610; x_wconf 89' lang='lat' dir='ltr'><strong>et</strong></span> <span class='ocrx_word' id='word_1_230' title='bbox 937 2560 991 2610; x_wconf 89' lang='lat' dir='ltr'><strong>aliis</strong></span> <span class='ocrx_word' id='word_1_231' title='bbox 1016 2559 1179 2628; x_wconf 88' lang='lat' dir='ltr'><strong>scriptoribus</strong></span> <span class='ocrx_word' id='word_1_232' title='bbox 1203 2561 1299 2622; x_wconf 85' lang='lat' dir='ltr'><strong>hsnsit,</strong></span> <span class='ocrx_word' id='word_1_233' title='bbox 1320 2559 1353 2609; x_wconf 91' lang='lat' dir='ltr'><strong>ad</strong></span> <span class='ocrx_word' id='word_1_234' title='bbox 1382 2559 1483 2609; x_wconf 90' lang='lat' dir='ltr'><strong>illorum</strong></span> <span class='ocrx_word' id='word_1_235' title='bbox 1506 2571 1583 2608; x_wconf 71' lang='lat' dir='ltr'><strong>uem·</strong></span> <span class='ocrx_word' id='word_1_236' title='bbox 1624 2555 1625 2592; x_wconf 76' lang='grc' dir='ltr'>ἶ</span> 
     </span>
     <span class='ocr_line' id='line_1_24' title="bbox 434 2637 1583 2714; baseline -0.003 -21"><span class='ocrx_word' id='word_1_237' title='bbox 434 2643 515 2711; x_wconf 83' lang='lat' dir='ltr'><strong>plaria</strong></span> <span class='ocrx_word' id='word_1_238' title='bbox 539 2643 659 2711; x_wconf 62' lang='lat' dir='ltr'><strong>exegisti,</strong></span> <span class='ocrx_word' id='word_1_239' title='bbox 686 2661 749 2712; x_wconf 89' lang='lat' dir='ltr'><strong>quse</strong></span> <span class='ocrx_word' id='word_1_240' title='bbox 774 2655 858 2696; x_wconf 91' lang='lat' dir='ltr'><strong>antem</strong></span> <span class='ocrx_word' id='word_1_241' title='bbox 883 2645 985 2696; x_wconf 81' lang='lat' dir='ltr'><strong>Photins</strong></span> <span class='ocrx_word' id='word_1_242' title='bbox 1012 2656 1039 2696; x_wconf 94' lang='lat' dir='ltr'><strong>et</strong></span> <span class='ocrx_word' id='word_1_243' title='bbox 1062 2645 1103 2696; x_wconf 92' lang='lat' dir='ltr'><strong>alii</strong></span> <span class='ocrx_word' id='word_1_244' title='bbox 1130 2663 1160 2694; x_wconf 88' lang='lat' dir='ltr'><strong>ex</strong></span> <span class='ocrx_word' id='word_1_245' title='bbox 1184 2645 1287 2706; x_wconf 82' lang='lat' dir='ltr'><strong>iisdem,</strong></span> <span class='ocrx_word' id='word_1_246' title='bbox 1314 2645 1402 2714; x_wconf 87' lang='lat' dir='ltr'><strong>quibus</strong></span> <span class='ocrx_word' id='word_1_247' title='bbox 1427 2643 1484 2704; x_wconf 90' lang='lat' dir='ltr'><strong>ille,</strong></span> <span class='ocrx_word' id='word_1_248' title='bbox 1511 2637 1583 2692; x_wconf 86' lang='lat' dir='ltr'><strong>lonti-</strong></span> 
     </span>
     <span class='ocr_line' id='line_1_25' title="bbox 433 2725 1583 2798; baseline -0.003 -21"><span class='ocrx_word' id='word_1_249' title='bbox 433 2725 480 2778; x_wconf 86' lang='lat' dir='ltr'><strong>bus</strong></span> <span class='ocrx_word' id='word_1_250' title='bbox 503 2727 664 2790; x_wconf 84' lang='lat' dir='ltr'><strong>derivarunt,</strong></span> <span class='ocrx_word' id='word_1_251' title='bbox 691 2747 747 2780; x_wconf 90' lang='lat' dir='ltr'><strong>cnm</strong></span> <span class='ocrx_word' id='word_1_252' title='bbox 771 2729 895 2797; x_wconf 84' lang='lat' dir='ltr'><strong>excerptis</strong></span> <span class='ocrx_word' id='word_1_253' title='bbox 921 2730 1099 2798; x_wconf 85' lang='lat' dir='ltr'><strong>Epiphanianis</strong></span> <span class='ocrx_word' id='word_1_254' title='bbox 1121 2730 1185 2782; x_wconf 89' lang='lat' dir='ltr'><strong>scite</strong></span> <span class='ocrx_word' id='word_1_255' title='bbox 1212 2729 1367 2798; x_wconf 84' lang='lat' dir='ltr'><strong>comparasti.</strong></span> <span class='ocrx_word' id='word_1_256' title='bbox 1409 2735 1445 2779; x_wconf 77' lang='lat' dir='ltr'><strong>Ac</strong></span> <span class='ocrx_word' id='word_1_257' title='bbox 1468 2727 1489 2777; x_wconf 92' lang='lat' dir='ltr'><strong>si</strong></span> <span class='ocrx_word' id='word_1_258' title='bbox 1513 2727 1583 2778; x_wconf 87' lang='lat' dir='ltr'><strong>minus</strong></span> 
     </span>
     <span class='ocr_line' id='line_1_26' title="bbox 432 2809 1583 2882; baseline -0.002 -20"><span class='ocrx_word' id='word_1_259' title='bbox 432 2810 496 2862; x_wconf 88' lang='lat' dir='ltr'><strong>haec</strong></span> <span class='ocrx_word' id='word_1_260' title='bbox 523 2812 606 2864; x_wconf 87' lang='lat' dir='ltr'><strong>omnia</strong></span> <span class='ocrx_word' id='word_1_261' title='bbox 633 2831 688 2864; x_wconf 86' lang='lat' dir='ltr'><strong>cnm</strong></span> <span class='ocrx_word' id='word_1_262' title='bbox 714 2813 853 2881; x_wconf 82' lang='lat' dir='ltr'><strong>pulvisculo</strong></span> <span class='ocrx_word' id='word_1_263' title='bbox 879 2815 1021 2878; x_wconf 84' lang='lat' dir='ltr'><strong>excussisti,</strong></span> <span class='ocrx_word' id='word_1_264' title='bbox 1058 2826 1085 2866; x_wconf 91' lang='lat' dir='ltr'><strong>at</strong></span> <span class='ocrx_word' id='word_1_265' title='bbox 1109 2815 1191 2866; x_wconf 90' lang='lat' dir='ltr'><strong>multis</strong></span> <span class='ocrx_word' id='word_1_266' title='bbox 1217 2825 1300 2866; x_wconf 80' lang='lat' dir='ltr'><strong>tumen</strong></span> <span class='ocrx_word' id='word_1_267' title='bbox 1338 2815 1450 2882; x_wconf 83' lang='lat' dir='ltr'><strong>pertibus</strong></span> <span class='ocrx_word' id='word_1_268' title='bbox 1476 2809 1583 2880; x_wconf 85' lang='lat' dir='ltr'><strong>scriptori</strong></span> 
     </span>
     <span class='ocr_line' id='line_1_27' title="bbox 432 2896 1583 2968; baseline -0.001 -21"><span class='ocrx_word' id='word_1_269' title='bbox 432 2897 490 2947; x_wconf 88' lang='lat' dir='ltr'><strong>Tuo</strong></span> <span class='ocrx_word' id='word_1_270' title='bbox 508 2897 607 2966; x_wconf 80' lang='lat' dir='ltr'><strong>egregie</strong></span> <span class='ocrx_word' id='word_1_271' title='bbox 631 2898 756 2966; x_wconf 85' lang='lat' dir='ltr'><strong>proluisti.</strong></span> <span class='ocrx_word' id='word_1_272' title='bbox 792 2901 888 2960; x_wconf 83' lang='lat' dir='ltr'><strong>Porro,</strong></span> <span class='ocrx_word' id='word_1_273' title='bbox 916 2917 979 2967; x_wconf 89' lang='lat' dir='ltr'><strong>quae</strong></span> <span class='ocrx_word' id='word_1_274' title='bbox 997 2911 1055 2967; x_wconf 90' lang='lat' dir='ltr'><strong>post</strong></span> <span class='ocrx_word' id='word_1_275' title='bbox 1074 2899 1219 2950; x_wconf 87' lang='lat' dir='ltr'><strong>Cornnrinm</strong></span> <span class='ocrx_word' id='word_1_276' title='bbox 1237 2899 1352 2950; x_wconf 86' lang='lat' dir='ltr'><strong>Petavins</strong></span> <span class='ocrx_word' id='word_1_277' title='bbox 1373 2911 1400 2950; x_wconf 93' lang='lat' dir='ltr'><strong>et</strong></span> <span class='ocrx_word' id='word_1_278' title='bbox 1420 2909 1519 2968; x_wconf 87' lang='lat' dir='ltr'><strong>prseter</strong></span> <span class='ocrx_word' id='word_1_279' title='bbox 1534 2896 1583 2946; x_wconf 84' lang='lat' dir='ltr'><strong>tttos</strong></span> 
     </span>
     <span class='ocr_line' id='line_1_28' title="bbox 431 2981 1582 3052; baseline -0.002 -22"><span class='ocrx_word' id='word_1_280' title='bbox 431 2981 506 3050; x_wconf 74' lang='lat' dir='ltr'><strong>ponci</strong></span> <span class='ocrx_word' id='word_1_281' title='bbox 522 2981 622 3050; x_wconf 89' lang='lat' dir='ltr'><strong>qnidam</strong></span> <span class='ocrx_word' id='word_1_282' title='bbox 639 2983 740 3052; x_wconf 88' lang='lat' dir='ltr'><strong>ingenio</strong></span> <span class='ocrx_word' id='word_1_283' title='bbox 758 2994 785 3035; x_wconf 92' lang='lat' dir='ltr'><strong>et</strong></span> <span class='ocrx_word' id='word_1_284' title='bbox 809 2982 923 3034; x_wconf 89' lang='lat' dir='ltr'><strong>doctrina</strong></span> <span class='ocrx_word' id='word_1_285' title='bbox 944 2984 1096 3036; x_wconf 82' lang='lat' dir='ltr'><strong>excellentes</strong></span> <span class='ocrx_word' id='word_1_286' title='bbox 1117 2985 1163 3036; x_wconf 87' lang='lat' dir='ltr'><strong>viri</strong></span> <span class='ocrx_word' id='word_1_287' title='bbox 1189 2985 1352 3036; x_wconf 75' lang='lat' dir='ltr'><strong>coniectando</strong></span> <span class='ocrx_word' id='word_1_288' title='bbox 1371 2983 1506 3052; x_wconf 87' lang='lat' dir='ltr'><strong>periclitati</strong></span> <span class='ocrx_word' id='word_1_289' title='bbox 1525 2991 1582 3036; x_wconf 88' lang='lat' dir='ltr'><strong>snut,</strong></span> 
     </span>
     <span class='ocr_line' id='line_1_29' title="bbox 431 3067 1624 3139; baseline 0.001 -21"><span class='ocrx_word' id='word_1_290' title='bbox 431 3067 502 3118; x_wconf 86' lang='lat' dir='ltr'><strong>Tuos</strong></span> <span class='ocrx_word' id='word_1_291' title='bbox 520 3068 545 3118; x_wconf 93' lang='lat' dir='ltr'><strong>in</strong></span> <span class='ocrx_word' id='word_1_292' title='bbox 563 3084 619 3120; x_wconf 90' lang='lat' dir='ltr'><strong>ttsns</strong></span> <span class='ocrx_word' id='word_1_293' title='bbox 636 3070 725 3122; x_wconf 90' lang='lat' dir='ltr'><strong>sedulo</strong></span> <span class='ocrx_word' id='word_1_294' title='bbox 743 3069 895 3122; x_wconf 77' lang='lat' dir='ltr'><strong>convertisti.</strong></span> <span class='ocrx_word' id='word_1_295' title='bbox 933 3070 1044 3139; x_wconf 85' lang='lat' dir='ltr'><strong>Denique</strong></span> <span class='ocrx_word' id='word_1_296' title='bbox 1061 3069 1114 3138; x_wconf 90' lang='lat' dir='ltr'><strong>ipse</strong></span> <span class='ocrx_word' id='word_1_297' title='bbox 1130 3069 1198 3120; x_wconf 88' lang='lat' dir='ltr'><strong>illam</strong></span> <span class='ocrx_word' id='word_1_298' title='bbox 1216 3069 1365 3120; x_wconf 88' lang='lat' dir='ltr'><strong>emendandi</strong></span> <span class='ocrx_word' id='word_1_299' title='bbox 1382 3069 1512 3128; x_wconf 83' lang='lat' dir='ltr'><strong>rationem,</strong></span> <span class='ocrx_word' id='word_1_300' title='bbox 1529 3080 1583 3134; x_wconf 82' lang='lat' dir='ltr'><strong>qnae</strong></span> <span class='ocrx_word' id='word_1_301' title='bbox 1623 3091 1624 3102; x_wconf 50' lang='lat'>¹</span> 
     </span>
     <span class='ocr_line' id='line_1_30' title="bbox 432 3149 1624 3224; baseline -0.002 -22"><span class='ocrx_word' id='word_1_302' title='bbox 432 3151 577 3224; x_wconf 80' lang='lat' dir='ltr'><strong>coniectura</strong></span> <span class='ocrx_word' id='word_1_303' title='bbox 601 3155 760 3217; x_wconf 86' lang='lat' dir='ltr'><strong>continetur,</strong></span> <span class='ocrx_word' id='word_1_304' title='bbox 789 3166 905 3224; x_wconf 81' lang='lat' dir='ltr'><strong>expertus</strong></span> <span class='ocrx_word' id='word_1_305' title='bbox 924 3173 959 3206; x_wconf 88' lang='lat' dir='ltr'><strong>es.</strong></span> <span class='ocrx_word' id='word_1_306' title='bbox 1002 3161 1084 3224; x_wconf 81' lang='lat' dir='ltr'><strong>Atque</strong></span> <span class='ocrx_word' id='word_1_307' title='bbox 1108 3153 1204 3206; x_wconf 85' lang='lat' dir='ltr'><strong>etiamsi</strong></span> <span class='ocrx_word' id='word_1_308' title='bbox 1222 3153 1347 3206; x_wconf 88' lang='lat' dir='ltr'><strong>interdum</strong></span> <span class='ocrx_word' id='word_1_309' title='bbox 1363 3154 1471 3206; x_wconf 81' lang='lat' dir='ltr'><strong>fortasse</strong></span> <span class='ocrx_word' id='word_1_310' title='bbox 1487 3149 1584 3204; x_wconf 86' lang='lat' dir='ltr'><strong>calidior</strong></span> <span class='ocrx_word' id='word_1_311' title='bbox 1623 3209 1624 3212; x_wconf 8' lang='grc' dir='ltr'><strong>Ἴ</strong></span> 
     </span>
     <span class='ocr_line' id='line_1_31' title="bbox 431 3215 1624 3309; baseline 0.002 -23"><span class='ocrx_word' id='word_1_312' title='bbox 431 3236 503 3287; x_wconf 80' lang='lat' dir='ltr'><strong>inisti</strong></span> <span class='ocrx_word' id='word_1_313' title='bbox 519 3237 545 3288; x_wconf 94' lang='lat' dir='ltr'><strong>in</strong></span> <span class='ocrx_word' id='word_1_314' title='bbox 563 3239 712 3292; x_wconf 89' lang='lat' dir='ltr'><strong>coniecturis</strong></span> <span class='ocrx_word' id='word_1_315' title='bbox 729 3240 755 3291; x_wconf 91' lang='lat' dir='ltr'><strong>iu</strong></span> <span class='ocrx_word' id='word_1_316' title='bbox 773 3251 926 3305; x_wconf 83' lang='lat' dir='ltr'><strong>contextam,</strong></span> <span class='ocrx_word' id='word_1_317' title='bbox 945 3239 987 3309; x_wconf 87' lang='lat' dir='ltr'><strong>qui</strong></span> <span class='ocrx_word' id='word_1_318' title='bbox 1004 3239 1102 3302; x_wconf 90' lang='lat' dir='ltr'><strong>dicitur,</strong></span> <span class='ocrx_word' id='word_1_319' title='bbox 1120 3239 1277 3309; x_wconf 89' lang='lat' dir='ltr'><strong>recipiendis,</strong></span> <span class='ocrx_word' id='word_1_320' title='bbox 1296 3239 1376 3291; x_wconf 89' lang='lat' dir='ltr'><strong>multo</strong></span> <span class='ocrx_word' id='word_1_321' title='bbox 1394 3250 1476 3290; x_wconf 88' lang='lat' dir='ltr'><strong>tamon</strong></span> <span class='ocrx_word' id='word_1_322' title='bbox 1494 3233 1583 3304; x_wconf 73' lang='lat' dir='ltr'><strong>saepittt</strong></span> <span class='ocrx_word' id='word_1_323' title='bbox 1623 3215 1624 3277; x_wconf 75' lang='lat' dir='ltr'><strong>l</strong></span> 
     </span>
     <span class='ocr_line' id='line_1_32' title="bbox 430 3325 676 3394; baseline 0.008 -20"><span class='ocrx_word' id='word_1_324' title='bbox 430 3339 485 3374; x_wconf 82' lang='lat' dir='ltr'><strong>rem</strong></span> <span class='ocrx_word' id='word_1_325' title='bbox 500 3341 547 3376; x_wconf 89' lang='lat' dir='ltr'><strong>scu</strong></span> <span class='ocrx_word' id='word_1_326' title='bbox 563 3325 676 3394; x_wconf 82' lang='lat' dir='ltr'><strong>tetigisti</strong></span> 
     </span>
    </p>

    <p class='ocr_par' dir='ltr' id='par_1_4' title="bbox 428 3405 1623 4138">
     <span class='ocr_line' id='line_1_33' title="bbox 500 3405 1582 3480; baseline -0.004 -20"><span class='ocrx_word' id='word_1_327' title='bbox 500 3409 551 3460; x_wconf 76' lang='lat' dir='ltr'><strong>Sed</strong></span> <span class='ocrx_word' id='word_1_328' title='bbox 568 3420 608 3460; x_wconf 89' lang='lat' dir='ltr'><strong>est</strong></span> <span class='ocrx_word' id='word_1_329' title='bbox 624 3411 728 3462; x_wconf 90' lang='lat' dir='ltr'><strong>omnino</strong></span> <span class='ocrx_word' id='word_1_330' title='bbox 746 3411 859 3473; x_wconf 74' lang='lat' dir='ltr'><strong>lucilius,</strong></span> <span class='ocrx_word' id='word_1_331' title='bbox 887 3411 953 3462; x_wconf 76' lang='lat' dir='ltr'><strong>riam</strong></span> <span class='ocrx_word' id='word_1_332' title='bbox 971 3410 1002 3462; x_wconf 89' lang='lat' dir='ltr'><strong>ab</strong></span> <span class='ocrx_word' id='word_1_333' title='bbox 1021 3410 1071 3462; x_wconf 84' lang='lat' dir='ltr'><strong>slio</strong></span> <span class='ocrx_word' id='word_1_334' title='bbox 1089 3428 1135 3480; x_wconf 88' lang='lat' dir='ltr'><strong>per</strong></span> <span class='ocrx_word' id='word_1_335' title='bbox 1149 3411 1207 3462; x_wconf 83' lang='lat' dir='ltr'><strong>loca</strong></span> <span class='ocrx_word' id='word_1_336' title='bbox 1224 3428 1311 3478; x_wconf 86' lang='lat' dir='ltr'><strong>aspera</strong></span> <span class='ocrx_word' id='word_1_337' title='bbox 1329 3419 1355 3462; x_wconf 89' lang='lat' dir='ltr'><strong>et</strong></span> <span class='ocrx_word' id='word_1_338' title='bbox 1372 3410 1479 3462; x_wconf 88' lang='lat' dir='ltr'><strong>dumetis</strong></span> <span class='ocrx_word' id='word_1_339' title='bbox 1496 3405 1582 3475; x_wconf 84' lang='lat' dir='ltr'><strong>replets</strong></span> 
     </span>
     <span class='ocr_line' id='line_1_34' title="bbox 431 3493 1582 3564; baseline 0.004 -21"><span class='ocrx_word' id='word_1_340' title='bbox 431 3493 538 3561; x_wconf 89' lang='lat' dir='ltr'><strong>primum</strong></span> <span class='ocrx_word' id='word_1_341' title='bbox 555 3495 663 3546; x_wconf 78' lang='lat' dir='ltr'><strong>excisam</strong></span> <span class='ocrx_word' id='word_1_342' title='bbox 679 3495 803 3562; x_wconf 87' lang='lat' dir='ltr'><strong>corrigere</strong></span> <span class='ocrx_word' id='word_1_343' title='bbox 821 3507 848 3546; x_wconf 90' lang='lat' dir='ltr'><strong>et</strong></span> <span class='ocrx_word' id='word_1_344' title='bbox 865 3495 934 3564; x_wconf 85' lang='lat' dir='ltr'><strong>qnod</strong></span> <span class='ocrx_word' id='word_1_345' title='bbox 950 3496 982 3546; x_wconf 91' lang='lat' dir='ltr'><strong>ad</strong></span> <span class='ocrx_word' id='word_1_346' title='bbox 999 3495 1110 3548; x_wconf 75' lang='lat' dir='ltr'><strong>laborem</strong></span> <span class='ocrx_word' id='word_1_347' title='bbox 1136 3495 1354 3548; x_wconf 76' lang='lat' dir='ltr'><strong>consummandum</strong></span> <span class='ocrx_word' id='word_1_348' title='bbox 1380 3495 1452 3546; x_wconf 91' lang='lat' dir='ltr'><strong>deest</strong></span> <span class='ocrx_word' id='word_1_349' title='bbox 1474 3493 1582 3548; x_wconf 71' lang='lat' dir='ltr'><strong>adiicere·</strong></span> 
     </span>
     <span class='ocr_line' id='line_1_35' title="bbox 431 3580 1581 3649; baseline -0.001 -22"><span class='ocrx_word' id='word_1_350' title='bbox 431 3593 504 3644; x_wconf 87' lang='lat' dir='ltr'><strong>quam</strong></span> <span class='ocrx_word' id='word_1_351' title='bbox 522 3580 629 3630; x_wconf 90' lang='lat' dir='ltr'><strong>eundem</strong></span> <span class='ocrx_word' id='word_1_352' title='bbox 651 3580 784 3648; x_wconf 87' lang='lat' dir='ltr'><strong>suscipere.</strong></span> <span class='ocrx_word' id='word_1_353' title='bbox 821 3581 921 3648; x_wconf 85' lang='lat' dir='ltr'><strong>iniquus</strong></span> <span class='ocrx_word' id='word_1_354' title='bbox 945 3591 1029 3632; x_wconf 89' lang='lat' dir='ltr'><strong>autent</strong></span> <span class='ocrx_word' id='word_1_355' title='bbox 1046 3592 1073 3632; x_wconf 86' lang='lat' dir='ltr'><strong>et</strong></span> <span class='ocrx_word' id='word_1_356' title='bbox 1089 3581 1219 3649; x_wconf 86' lang='lat' dir='ltr'><strong>impudens</strong></span> <span class='ocrx_word' id='word_1_357' title='bbox 1236 3581 1288 3642; x_wconf 88' lang='lat' dir='ltr'><strong>ait,</strong></span> <span class='ocrx_word' id='word_1_358' title='bbox 1312 3581 1354 3648; x_wconf 93' lang='lat' dir='ltr'><strong>qni</strong></span> <span class='ocrx_word' id='word_1_359' title='bbox 1371 3580 1500 3632; x_wconf 83' lang='lat' dir='ltr'><strong>difficilem</strong></span> <span class='ocrx_word' id='word_1_360' title='bbox 1524 3593 1581 3644; x_wconf 86' lang='lat' dir='ltr'><strong>ope·</strong></span> 
     </span>
     <span class='ocr_line' id='line_1_36' title="bbox 429 3661 1623 3736; baseline -0.002 -24"><span class='ocrx_word' id='word_1_361' title='bbox 429 3679 484 3713; x_wconf 88' lang='lat' dir='ltr'><strong>rsm</strong></span> <span class='ocrx_word' id='word_1_362' title='bbox 501 3661 620 3714; x_wconf 88' lang='lat' dir='ltr'><strong>laudabili</strong></span> <span class='ocrx_word' id='word_1_363' title='bbox 636 3664 720 3716; x_wconf 88' lang='lat' dir='ltr'><strong>studio</strong></span> <span class='ocrx_word' id='word_1_364' title='bbox 736 3675 879 3732; x_wconf 80' lang='lat' dir='ltr'><strong>susceptam</strong></span> <span class='ocrx_word' id='word_1_365' title='bbox 896 3664 954 3716; x_wconf 89' lang='lat' dir='ltr'><strong>iden</strong></span> <span class='ocrx_word' id='word_1_366' title='bbox 972 3665 1082 3717; x_wconf 77' lang='lat' dir='ltr'><strong>cavillari</strong></span> <span class='ocrx_word' id='word_1_367' title='bbox 1098 3667 1197 3728; x_wconf 85' lang='lat' dir='ltr'><strong>audent,</strong></span> <span class='ocrx_word' id='word_1_368' title='bbox 1219 3665 1287 3736; x_wconf 90' lang='lat' dir='ltr'><strong>quod</strong></span> <span class='ocrx_word' id='word_1_369' title='bbox 1304 3667 1342 3718; x_wconf 94' lang='lat' dir='ltr'><strong>illi</strong></span> <span class='ocrx_word' id='word_1_370' title='bbox 1357 3665 1390 3718; x_wconf 90' lang='lat' dir='ltr'><strong>ad</strong></span> <span class='ocrx_word' id='word_1_371' title='bbox 1408 3664 1581 3734; x_wconf 76' lang='lat' dir='ltr'><strong>perlectionem</strong></span> <span class='ocrx_word' id='word_1_372' title='bbox 1622 3729 1623 3732; x_wconf 8' lang='grc' dir='ltr'><strong>Ἴ</strong></span> 
     </span>
     <span class='ocr_line' id='line_1_37' title="bbox 429 3735 1623 3818; baseline 0.008 -23"><span class='ocrx_word' id='word_1_373' title='bbox 429 3746 534 3798; x_wconf 90' lang='lat' dir='ltr'><strong>multum</strong></span> <span class='ocrx_word' id='word_1_374' title='bbox 551 3747 633 3800; x_wconf 89' lang='lat' dir='ltr'><strong>adhuc</strong></span> <span class='ocrx_word' id='word_1_375' title='bbox 649 3748 722 3799; x_wconf 84' lang='lat' dir='ltr'><strong>desit.</strong></span> <span class='ocrx_word' id='word_1_376' title='bbox 757 3749 846 3817; x_wconf 90' lang='lat' dir='ltr'><strong>Neque</strong></span> <span class='ocrx_word' id='word_1_377' title='bbox 862 3768 923 3801; x_wconf 81' lang='lat' dir='ltr'><strong>vero</strong></span> <span class='ocrx_word' id='word_1_378' title='bbox 941 3767 988 3818; x_wconf 85' lang='lat' dir='ltr'><strong>ego</strong></span> <span class='ocrx_word' id='word_1_379' title='bbox 1007 3750 1068 3802; x_wconf 84' lang='lat' dir='ltr'><strong>haec</strong></span> <span class='ocrx_word' id='word_1_380' title='bbox 1084 3750 1202 3802; x_wconf 72' lang='lat' dir='ltr'><strong>adulandi</strong></span> <span class='ocrx_word' id='word_1_381' title='bbox 1220 3769 1292 3804; x_wconf 86' lang='lat' dir='ltr'><strong>cansa</strong></span> <span class='ocrx_word' id='word_1_382' title='bbox 1309 3751 1368 3806; x_wconf 81' lang='lat' dir='ltr'><strong>&#39;Iibi</strong></span> <span class='ocrx_word' id='word_1_383' title='bbox 1385 3750 1458 3816; x_wconf 89' lang='lat' dir='ltr'><strong>dico,</strong></span> <span class='ocrx_word' id='word_1_384' title='bbox 1482 3761 1523 3802; x_wconf 88' lang='lat' dir='ltr'><strong>ant</strong></span> <span class='ocrx_word' id='word_1_385' title='bbox 1538 3749 1581 3804; x_wconf 80' lang='lat' dir='ltr'><strong>Tu</strong></span> <span class='ocrx_word' id='word_1_386' title='bbox 1622 3735 1623 3740; x_wconf 66' lang='lat'><strong>,</strong></span> 
     </span>
     <span class='ocr_line' id='line_1_38' title="bbox 430 3830 1580 3905; baseline 0.001 -23"><span class='ocrx_word' id='word_1_387' title='bbox 430 3830 490 3898; x_wconf 87' lang='lat' dir='ltr'><strong>quid</strong></span> <span class='ocrx_word' id='word_1_388' title='bbox 508 3833 564 3884; x_wconf 84' lang='lat' dir='ltr'><strong>Tuo</strong></span> <span class='ocrx_word' id='word_1_389' title='bbox 581 3833 607 3884; x_wconf 90' lang='lat' dir='ltr'><strong>in</strong></span> <span class='ocrx_word' id='word_1_390' title='bbox 631 3833 717 3884; x_wconf 86' lang='lat' dir='ltr'><strong>labore</strong></span> <span class='ocrx_word' id='word_1_391' title='bbox 733 3851 848 3885; x_wconf 84' lang='lat' dir='ltr'><strong>mancum</strong></span> <span class='ocrx_word' id='word_1_392' title='bbox 865 3845 891 3886; x_wconf 91' lang='lat' dir='ltr'><strong>et</strong></span> <span class='ocrx_word' id='word_1_393' title='bbox 915 3834 1090 3902; x_wconf 79' lang='lat' dir='ltr'><strong>imperfectum</strong></span> <span class='ocrx_word' id='word_1_394' title='bbox 1108 3835 1156 3899; x_wconf 91' lang='lat' dir='ltr'><strong>sit,</strong></span> <span class='ocrx_word' id='word_1_395' title='bbox 1183 3836 1245 3888; x_wconf 89' lang='lat' dir='ltr'><strong>alios</strong></span> <span class='ocrx_word' id='word_1_396' title='bbox 1263 3837 1344 3888; x_wconf 85' lang='lat' dir='ltr'><strong>celare</strong></span> <span class='ocrx_word' id='word_1_397' title='bbox 1361 3837 1437 3905; x_wconf 90' lang='lat' dir='ltr'><strong>cupis.</strong></span> <span class='ocrx_word' id='word_1_398' title='bbox 1472 3831 1580 3901; x_wconf 79' lang='lat' dir='ltr'><strong>Alioquin</strong></span> 
     </span>
     <span class='ocr_line' id='line_1_39' title="bbox 429 3917 1581 3988; baseline 0.007 -23"><span class='ocrx_word' id='word_1_399' title='bbox 429 3933 511 3984; x_wconf 89' lang='lat' dir='ltr'><strong>neque</strong></span> <span class='ocrx_word' id='word_1_400' title='bbox 529 3920 569 3970; x_wconf 86' lang='lat' dir='ltr'><strong>Tu</strong></span> <span class='ocrx_word' id='word_1_401' title='bbox 586 3917 678 3970; x_wconf 85' lang='lat' dir='ltr'><strong>moad</strong></span> <span class='ocrx_word' id='word_1_402' title='bbox 695 3918 821 3987; x_wconf 83' lang='lat' dir='ltr'><strong>symbolas</strong></span> <span class='ocrx_word' id='word_1_403' title='bbox 839 3919 863 3970; x_wconf 93' lang='lat' dir='ltr'><strong>iu</strong></span> <span class='ocrx_word' id='word_1_404' title='bbox 883 3920 1048 3988; x_wconf 78' lang='lat' dir='ltr'><strong>Epiphuuinm</strong></span> <span class='ocrx_word' id='word_1_405' title='bbox 1065 3919 1159 3972; x_wconf 84' lang='lat' dir='ltr'><strong>dandas</strong></span> <span class='ocrx_word' id='word_1_406' title='bbox 1176 3921 1324 3988; x_wconf 82' lang='lat' dir='ltr'><strong>invitasses,</strong></span> <span class='ocrx_word' id='word_1_407' title='bbox 1340 3931 1383 3972; x_wconf 90' lang='lat' dir='ltr'><strong>snt</strong></span> <span class='ocrx_word' id='word_1_408' title='bbox 1400 3938 1448 3988; x_wconf 85' lang='lat' dir='ltr'><strong>ego</strong></span> <span class='ocrx_word' id='word_1_409' title='bbox 1465 3938 1509 3984; x_wconf 87' lang='lat' dir='ltr'><strong>es,</strong></span> <span class='ocrx_word' id='word_1_410' title='bbox 1525 3929 1581 3986; x_wconf 68' lang='lat' dir='ltr'><strong>qm</strong></span> 
     </span>
     <span class='ocr_line' id='line_1_40' title="bbox 428 3999 1578 4076; baseline 0.004 -25"><span class='ocrx_word' id='word_1_411' title='bbox 428 3999 492 4052; x_wconf 83' lang='lat' dir='ltr'><strong>hsec</strong></span> <span class='ocrx_word' id='word_1_412' title='bbox 514 4001 599 4054; x_wconf 85' lang='lat' dir='ltr'><strong>studia</strong></span> <span class='ocrx_word' id='word_1_413' title='bbox 624 4002 713 4067; x_wconf 88' lang='lat' dir='ltr'><strong>decet,</strong></span> <span class='ocrx_word' id='word_1_414' title='bbox 740 4003 895 4070; x_wconf 84' lang='lat' dir='ltr'><strong>ingenuitate</strong></span> <span class='ocrx_word' id='word_1_415' title='bbox 911 4004 938 4056; x_wconf 86' lang='lat' dir='ltr'><strong>in</strong></span> <span class='ocrx_word' id='word_1_416' title='bbox 963 4006 1107 4076; x_wconf 86' lang='lat' dir='ltr'><strong>supplendis</strong></span> <span class='ocrx_word' id='word_1_417' title='bbox 1125 4017 1151 4058; x_wconf 89' lang='lat' dir='ltr'><strong>et</strong></span> <span class='ocrx_word' id='word_1_418' title='bbox 1168 4007 1320 4076; x_wconf 86' lang='lat' dir='ltr'><strong>corrigendis</strong></span> <span class='ocrx_word' id='word_1_419' title='bbox 1345 4006 1436 4073; x_wconf 82' lang='lat' dir='ltr'><strong>vigiliis</strong></span> <span class='ocrx_word' id='word_1_420' title='bbox 1452 4006 1513 4058; x_wconf 89' lang='lat' dir='ltr'><strong>Tuis</strong></span> <span class='ocrx_word' id='word_1_421' title='bbox 1529 4015 1578 4052; x_wconf 65' lang='lat' dir='ltr'><strong>tw</strong></span> 
     </span>
     <span class='ocr_line' id='line_1_41' title="bbox 428 4103 517 4138; baseline -0.022 0"><span class='ocrx_word' id='word_1_422' title='bbox 428 4103 517 4138; x_wconf 80' lang='lat' dir='ltr'><strong>essem</strong></span> 
     </span>
    </p>

    <p class='ocr_par' dir='ltr' id='par_1_5' title="bbox 495 4167 1576 4246">
     <span class='ocr_line' id='line_1_42' title="bbox 495 4167 1576 4246; baseline 0 -22"><span class='ocrx_word' id='word_1_423' title='bbox 495 4172 564 4236; x_wconf 87' lang='lat' dir='ltr'><strong>Quid</strong></span> <span class='ocrx_word' id='word_1_424' title='bbox 580 4183 664 4226; x_wconf 90' lang='lat' dir='ltr'><strong>nutem</strong></span> <span class='ocrx_word' id='word_1_425' title='bbox 680 4173 705 4225; x_wconf 91' lang='lat' dir='ltr'><strong>ia</strong></span> <span class='ocrx_word' id='word_1_426' title='bbox 724 4174 843 4242; x_wconf 80' lang='lat' dir='ltr'><strong>symbolis</strong></span> <span class='ocrx_word' id='word_1_427' title='bbox 861 4175 922 4226; x_wconf 86' lang='lat' dir='ltr'><strong>meis</strong></span> <span class='ocrx_word' id='word_1_428' title='bbox 937 4175 1042 4228; x_wconf 83' lang='lat' dir='ltr'><strong>rnsxirue</strong></span> <span class='ocrx_word' id='word_1_429' title='bbox 1054 4175 1220 4245; x_wconf 85' lang='lat' dir='ltr'><strong>spectaverim</strong></span> <span class='ocrx_word' id='word_1_430' title='bbox 1233 4186 1259 4228; x_wconf 85' lang='lat' dir='ltr'><strong>et</strong></span> <span class='ocrx_word' id='word_1_431' title='bbox 1273 4176 1361 4246; x_wconf 88' lang='lat' dir='ltr'><strong>quibus</strong></span> <span class='ocrx_word' id='word_1_432' title='bbox 1377 4176 1510 4230; x_wconf 82' lang='lat' dir='ltr'><strong>instructus</strong></span> <span class='ocrx_word' id='word_1_433' title='bbox 1522 4167 1576 4224; x_wconf 85' lang='lat' dir='ltr'><strong>snb-</strong></span> 
     </span>
    </p>

    <p class='ocr_par' dir='ltr' id='par_1_6' title="bbox 316 4253 1576 4586">
     <span class='ocr_line' id='line_1_43' title="bbox 316 4253 1576 4332; baseline 0.002 -22"><span class='ocrx_word' id='word_1_434' title='bbox 316 4278 322 4296; x_wconf 82' lang='lat'><strong>·</strong></span> <span class='ocrx_word' id='word_1_435' title='bbox 426 4257 497 4310; x_wconf 88' lang='lat' dir='ltr'><strong>sidiis</strong></span> <span class='ocrx_word' id='word_1_436' title='bbox 521 4275 563 4310; x_wconf 90' lang='lat' dir='ltr'><strong>eas</strong></span> <span class='ocrx_word' id='word_1_437' title='bbox 586 4259 744 4327; x_wconf 86' lang='lat' dir='ltr'><strong>scripserim,</strong></span> <span class='ocrx_word' id='word_1_438' title='bbox 768 4259 835 4312; x_wconf 89' lang='lat' dir='ltr'><strong>malo</strong></span> <span class='ocrx_word' id='word_1_439' title='bbox 858 4259 966 4312; x_wconf 87' lang='lat' dir='ltr'><strong>lectores</strong></span> <span class='ocrx_word' id='word_1_440' title='bbox 984 4279 1014 4312; x_wconf 84' lang='lat' dir='ltr'><strong>es</strong></span> <span class='ocrx_word' id='word_1_441' title='bbox 1037 4261 1067 4312; x_wconf 89' lang='lat' dir='ltr'><strong>iis</strong></span> <span class='ocrx_word' id='word_1_442' title='bbox 1085 4279 1149 4330; x_wconf 86' lang='lat' dir='ltr'><strong>qnae</strong></span> <span class='ocrx_word' id='word_1_443' title='bbox 1174 4261 1233 4312; x_wconf 91' lang='lat' dir='ltr'><strong>dedi</strong></span> <span class='ocrx_word' id='word_1_444' title='bbox 1258 4279 1426 4330; x_wconf 85' lang='lat' dir='ltr'><strong>cognoscere,</strong></span> <span class='ocrx_word' id='word_1_445' title='bbox 1456 4277 1527 4332; x_wconf 83' lang='lat' dir='ltr'><strong>qnam</strong></span> <span class='ocrx_word' id='word_1_446' title='bbox 1541 4253 1576 4306; x_wconf 66' lang='lat' dir='ltr'><strong>bit</strong></span> 
     </span>
     <span class='ocr_line' id='line_1_44' title="bbox 427 4342 1574 4416; baseline -0.002 -22"><span class='ocrx_word' id='word_1_447' title='bbox 427 4342 581 4395; x_wconf 82' lang='lat' dir='ltr'><strong>ambitiosius</strong></span> <span class='ocrx_word' id='word_1_448' title='bbox 599 4361 721 4395; x_wconf 76' lang='lat' dir='ltr'><strong>enarrare.</strong></span> <span class='ocrx_word' id='word_1_449' title='bbox 757 4347 790 4394; x_wconf 81' lang='lat' dir='ltr'><strong>Et</strong></span> <span class='ocrx_word' id='word_1_450' title='bbox 813 4344 881 4395; x_wconf 88' lang='lat' dir='ltr'><strong>istud</strong></span> <span class='ocrx_word' id='word_1_451' title='bbox 898 4345 998 4413; x_wconf 88' lang='lat' dir='ltr'><strong>quidem</strong></span> <span class='ocrx_word' id='word_1_452' title='bbox 1017 4357 1108 4416; x_wconf 90' lang='lat' dir='ltr'><strong>sponte</strong></span> <span class='ocrx_word' id='word_1_453' title='bbox 1126 4357 1247 4416; x_wconf 79' lang='lat' dir='ltr'><strong>apparet,</strong></span> <span class='ocrx_word' id='word_1_454' title='bbox 1275 4365 1315 4398; x_wconf 87' lang='lat' dir='ltr'><strong>ute</strong></span> <span class='ocrx_word' id='word_1_455' title='bbox 1332 4365 1382 4398; x_wconf 90' lang='lat' dir='ltr'><strong>nou</strong></span> <span class='ocrx_word' id='word_1_456' title='bbox 1399 4347 1480 4398; x_wconf 89' lang='lat' dir='ltr'><strong>solum</strong></span> <span class='ocrx_word' id='word_1_457' title='bbox 1497 4357 1574 4396; x_wconf 83' lang='lat' dir='ltr'><strong>emen·</strong></span> 
     </span>
     <span class='ocr_line' id='line_1_45' title="bbox 427 4427 1573 4500; baseline 0.003 -22"><span class='ocrx_word' id='word_1_458' title='bbox 427 4427 521 4494; x_wconf 84' lang='lat' dir='ltr'><strong>dandi,</strong></span> <span class='ocrx_word' id='word_1_459' title='bbox 538 4427 583 4480; x_wconf 88' lang='lat' dir='ltr'><strong>sed</strong></span> <span class='ocrx_word' id='word_1_460' title='bbox 601 4429 675 4480; x_wconf 86' lang='lat' dir='ltr'><strong>etiam</strong></span> <span class='ocrx_word' id='word_1_461' title='bbox 693 4428 832 4480; x_wconf 90' lang='lat' dir='ltr'><strong>illustrandi</strong></span> <span class='ocrx_word' id='word_1_462' title='bbox 846 4429 980 4498; x_wconf 77' lang='lat' dir='ltr'><strong>Epiphanii</strong></span> <span class='ocrx_word' id='word_1_463' title='bbox 997 4449 1080 4482; x_wconf 87' lang='lat' dir='ltr'><strong>curam</strong></span> <span class='ocrx_word' id='word_1_464' title='bbox 1098 4431 1229 4494; x_wconf 89' lang='lat' dir='ltr'><strong>habuisse,</strong></span> <span class='ocrx_word' id='word_1_465' title='bbox 1247 4431 1314 4500; x_wconf 89' lang='lat' dir='ltr'><strong>qnod</strong></span> <span class='ocrx_word' id='word_1_466' title='bbox 1332 4449 1436 4500; x_wconf 85' lang='lat' dir='ltr'><strong>pensum</strong></span> <span class='ocrx_word' id='word_1_467' title='bbox 1447 4433 1486 4484; x_wconf 90' lang='lat' dir='ltr'><strong>Tu</strong></span> <span class='ocrx_word' id='word_1_468' title='bbox 1500 4449 1513 4482; x_wconf 90' lang='lat' dir='ltr'><strong>s</strong></span> <span class='ocrx_word' id='word_1_469' title='bbox 1525 4427 1573 4478; x_wconf 83' lang='lat' dir='ltr'><strong>Ttt⁰</strong></span> 
     </span>
     <span class='ocr_line' id='line_1_46' title="bbox 425 4511 1572 4586; baseline 0.004 -23"><span class='ocrx_word' id='word_1_470' title='bbox 425 4511 512 4566; x_wconf 85' lang='lat' dir='ltr'><strong>labore</strong></span> <span class='ocrx_word' id='word_1_471' title='bbox 530 4513 586 4564; x_wconf 84' lang='lat' dir='ltr'><strong>fers</strong></span> <span class='ocrx_word' id='word_1_472' title='bbox 602 4513 734 4564; x_wconf 85' lang='lat' dir='ltr'><strong>exclusisti.</strong></span> <span class='ocrx_word' id='word_1_473' title='bbox 769 4513 836 4564; x_wconf 88' lang='lat' dir='ltr'><strong>lllud</strong></span> <span class='ocrx_word' id='word_1_474' title='bbox 852 4531 913 4566; x_wconf 84' lang='lat' dir='ltr'><strong>vero</strong></span> <span class='ocrx_word' id='word_1_475' title='bbox 930 4515 979 4566; x_wconf 88' lang='lat' dir='ltr'><strong>huc</strong></span> <span class='ocrx_word' id='word_1_476' title='bbox 995 4515 1053 4568; x_wconf 90' lang='lat' dir='ltr'><strong>loco</strong></span> <span class='ocrx_word' id='word_1_477' title='bbox 1068 4527 1152 4568; x_wconf 85' lang='lat' dir='ltr'><strong>tacere</strong></span> <span class='ocrx_word' id='word_1_478' title='bbox 1169 4517 1237 4578; x_wconf 87' lang='lat' dir='ltr'><strong>nolo,</strong></span> <span class='ocrx_word' id='word_1_479' title='bbox 1255 4517 1373 4586; x_wconf 85' lang='lat' dir='ltr'><strong>plurimas</strong></span> <span class='ocrx_word' id='word_1_480' title='bbox 1387 4516 1572 4568; x_wconf 67' lang='lat' dir='ltr'><strong>summotus,</strong></span> 
     </span>
    </p>

    <p class='ocr_par' dir='ltr' id='par_1_7' title="bbox 425 4597 1569 4928">
     <span class='ocr_line' id='line_1_47' title="bbox 425 4597 1568 4672; baseline 0.002 -24"><span class='ocrx_word' id='word_1_481' title='bbox 425 4614 442 4648; x_wconf 89' lang='lat' dir='ltr'><strong>a</strong></span> <span class='ocrx_word' id='word_1_482' title='bbox 458 4615 499 4648; x_wconf 92' lang='lat' dir='ltr'><strong>me</strong></span> <span class='ocrx_word' id='word_1_483' title='bbox 516 4599 596 4651; x_wconf 82' lang='lat' dir='ltr'><strong>iactas</strong></span> <span class='ocrx_word' id='word_1_484' title='bbox 612 4599 640 4650; x_wconf 93' lang='lat' dir='ltr'><strong>in</strong></span> <span class='ocrx_word' id='word_1_485' title='bbox 657 4598 805 4666; x_wconf 82' lang='lat' dir='ltr'><strong>Methodio,</strong></span> <span class='ocrx_word' id='word_1_486' title='bbox 835 4599 936 4652; x_wconf 87' lang='lat' dir='ltr'><strong>ecuius</strong></span> <span class='ocrx_word' id='word_1_487' title='bbox 960 4599 1056 4668; x_wconf 87' lang='lat' dir='ltr'><strong>scripto</strong></span> <span class='ocrx_word' id='word_1_488' title='bbox 1078 4601 1137 4668; x_wconf 70' lang='grc' dir='ltr'><strong>περὶ</strong></span> <span class='ocrx_word' id='word_1_489' title='bbox 1153 4597 1318 4664; x_wconf 73' lang='grc' dir='ltr'><strong>ἀναστάσεως</strong></span> <span class='ocrx_word' id='word_1_490' title='bbox 1337 4601 1487 4672; x_wconf 82' lang='lat' dir='ltr'><strong>Epiphanius</strong></span> <span class='ocrx_word' id='word_1_491' title='bbox 1510 4599 1568 4662; x_wconf 76' lang='lat' dir='ltr'><strong>turs</strong></span> 
     </span>
     <span class='ocr_line' id='line_1_48' title="bbox 425 4684 1568 4756; baseline 0.003 -22"><span class='ocrx_word' id='word_1_492' title='bbox 425 4684 562 4750; x_wconf 84' lang='lat' dir='ltr'><strong>specimina</strong></span> <span class='ocrx_word' id='word_1_493' title='bbox 586 4694 705 4752; x_wconf 90' lang='lat' dir='ltr'><strong>tanquam</strong></span> <span class='ocrx_word' id='word_1_494' title='bbox 721 4699 831 4752; x_wconf 89' lang='lat' dir='ltr'><strong>pannum</strong></span> <span class='ocrx_word' id='word_1_495' title='bbox 847 4702 906 4736; x_wconf 80' lang='lat' dir='ltr'><strong>vere</strong></span> <span class='ocrx_word' id='word_1_496' title='bbox 932 4703 1084 4754; x_wconf 89' lang='lat' dir='ltr'><strong>purpureum</strong></span> <span class='ocrx_word' id='word_1_497' title='bbox 1111 4687 1210 4738; x_wconf 88' lang='lat' dir='ltr'><strong>centuni</strong></span> <span class='ocrx_word' id='word_1_498' title='bbox 1227 4705 1273 4738; x_wconf 87' lang='lat' dir='ltr'><strong>suo</strong></span> <span class='ocrx_word' id='word_1_499' title='bbox 1291 4688 1383 4750; x_wconf 88' lang='lat' dir='ltr'><strong>assuit,</strong></span> <span class='ocrx_word' id='word_1_500' title='bbox 1402 4685 1568 4756; x_wconf 78' lang='lat' dir='ltr'><strong>propediem¹</strong></span> 
     </span>
     <span class='ocr_line' id='line_1_49' title="bbox 426 4763 1569 4842; baseline 0.006 -25"><span class='ocrx_word' id='word_1_501' title='bbox 426 4783 467 4818; x_wconf 90' lang='lat' dir='ltr'><strong>me</strong></span> <span class='ocrx_word' id='word_1_502' title='bbox 484 4768 656 4821; x_wconf 83' lang='lat' dir='ltr'><strong>confirmatum</strong></span> <span class='ocrx_word' id='word_1_503' title='bbox 673 4780 700 4820; x_wconf 94' lang='lat' dir='ltr'><strong>et</strong></span> <span class='ocrx_word' id='word_1_504' title='bbox 716 4767 866 4821; x_wconf 80' lang='lat' dir='ltr'><strong>illustretum</strong></span> <span class='ocrx_word' id='word_1_505' title='bbox 883 4769 913 4821; x_wconf 87' lang='lat' dir='ltr'><strong>iri</strong></span> <span class='ocrx_word' id='word_1_506' title='bbox 930 4769 956 4820; x_wconf 92' lang='lat' dir='ltr'><strong>in</strong></span> <span class='ocrx_word' id='word_1_507' title='bbox 969 4773 1084 4824; x_wconf 75' lang='lat' dir='ltr'><strong>lisdtudio</strong></span> <span class='ocrx_word' id='word_1_508' title='bbox 1093 4775 1265 4838; x_wconf 81' lang='lat' dir='ltr'><strong>Plutonisuntt,</strong></span> <span class='ocrx_word' id='word_1_509' title='bbox 1281 4790 1311 4824; x_wconf 85' lang='lat' dir='ltr'><strong>ex</strong></span> <span class='ocrx_word' id='word_1_510' title='bbox 1328 4789 1378 4842; x_wconf 91' lang='lat' dir='ltr'><strong>quo</strong></span> <span class='ocrx_word' id='word_1_511' title='bbox 1394 4790 1458 4842; x_wconf 89' lang='lat' dir='ltr'><strong>qnae</strong></span> <span class='ocrx_word' id='word_1_512' title='bbox 1475 4771 1506 4824; x_wconf 88' lang='lat' dir='ltr'><strong>sd</strong></span> <span class='ocrx_word' id='word_1_513' title='bbox 1518 4763 1569 4834; x_wconf 70' lang='lat' dir='ltr'><strong>Epi·</strong></span> 
     </span>
     <span class='ocr_line' id='line_1_50' title="bbox 426 4845 1569 4928; baseline 0.003 -24"><span class='ocrx_word' id='word_1_514' title='bbox 426 4851 546 4920; x_wconf 78' lang='lat' dir='ltr'><strong>pbanium</strong></span> <span class='ocrx_word' id='word_1_515' title='bbox 560 4852 743 4906; x_wconf 80' lang='lat' dir='ltr'><strong>emendandum</strong></span> <span class='ocrx_word' id='word_1_516' title='bbox 757 4854 885 4924; x_wconf 86' lang='lat' dir='ltr'><strong>pertinent</strong></span> <span class='ocrx_word' id='word_1_517' title='bbox 899 4853 999 4908; x_wconf 87' lang='lat' dir='ltr'><strong>nonnisi</strong></span> <span class='ocrx_word' id='word_1_518' title='bbox 1014 4858 1155 4914; x_wconf 85' lang='lat' dir='ltr'><strong>summatim</strong></span> <span class='ocrx_word' id='word_1_519' title='bbox 1171 4857 1289 4922; x_wconf 78' lang='lat' dir='ltr'><strong>tatibsvi,</strong></span> <span class='ocrx_word' id='word_1_520' title='bbox 1306 4874 1339 4910; x_wconf 87' lang='lat' dir='ltr'><strong>ue</strong></span> <span class='ocrx_word' id='word_1_521' title='bbox 1354 4874 1410 4910; x_wconf 89' lang='lat' dir='ltr'><strong>mea</strong></span> <span class='ocrx_word' id='word_1_522' title='bbox 1425 4856 1501 4928; x_wconf 83' lang='lat' dir='ltr'><strong>ipsias</strong></span> <span class='ocrx_word' id='word_1_523' title='bbox 1515 4845 1569 4906; x_wconf 83' lang='lat' dir='ltr'><strong>scti-</strong></span> 
     </span>
    </p>
   </div>
   <div class='ocr_carea' id='block_1_3' title="bbox 0 0 1830 5642">
    <p class='ocr_par' dir='ltr' id='par_1_8' title="bbox 0 0 1830 5642">
     <span class='ocr_line' id='line_1_51' title="bbox 0 0 1830 5642; baseline 0 5"><span class='ocrx_word' id='word_1_524' title='bbox 0 0 1830 5642; x_wconf 95' lang='lat' dir='ltr'><strong> </strong></span> 
     </span>
    </p>
   </div>
  </div>
 </body>
</html>
