3650 5642
1293 642 1385 699 clxv

236 794 274 845 sed
284 802 309 844 at
318 795 475 847 enodemus
481 794 593 863 pareda.
629 794 668 847 Ad
679 794 742 847 haee
753 810 808 866 cap.
818 812 887 860 nm,
902 796 940 849 li.
958 804 1016 850 erut
1026 806 1108 851 aetem
1116 816 1261 868 parasceue
1268 798 1386 869 paredas

236 876 292 928 tare
303 880 377 946 praee·
385 888 467 935 mm.
503 878 611 933 Caetera
621 880 664 933 rel
674 880 824 934 testimonia
834 881 875 933 rel
887 888 1042 951 argumenta
1055 888 1198 954 praetereo.
1233 882 1301 937 Sunt
1316 884 1385 937 euim

236 962 278 1014 ista
287 962 434 1033 praeeipua.

291 1046 455 1101 lamintanto
460 1049 613 1119 opinionum
618 1050 836 1121 autoritatumque
841 1050 963 1105 condictu
970 1052 999 1104 in
1007 1070 1039 1105 eo
1047 1054 1212 1122 potissimum
1220 1055 1385 1124 requiescen-

235 1130 286 1185 dum
301 1132 409 1199 iudicio,
426 1134 495 1204 quod
513 1135 544 1187 iis
557 1136 714 1189 testimoniis
729 1136 887 1207 approbatur
904 1152 971 1205 quae
988 1138 1015 1189 in
1032 1138 1141 1191 alteram
1153 1137 1220 1191 trahi
1231 1141 1386 1193 senteutiam

236 1222 364 1287 nequeant,
381 1234 444 1272 eum
455 1224 569 1285 caetera,
586 1236 651 1290 quae
665 1221 795 1275 contraria
805 1220 932 1285 ridentur,
949 1222 1081 1275 conciliari
1091 1223 1266 1293 explicarique
1277 1225 1385 1294 possint

236 1302 262 1353 tt
269 1304 395 1357 eiusmodi
407 1309 449 1357 eet
458 1305 587 1375 posterior
597 1304 654 1368 illa,
670 1320 749 1375 quam
760 1304 920 1377 Epiphanius
931 1311 1036 1361 aeoutue
1052 1312 1105 1371 est,
1122 1309 1262 1373 sententia,
1279 1310 1322 1363 eui
1332 1326 1386 1363 non

235 1388 309 1455 peuri,
326 1388 461 1459 iidemque
478 1390 614 1443 autoritate
631 1395 659 1443 et
674 1390 819 1445 eruditione
835 1391 965 1462 prinsipes
976 1391 1113 1462 suffragati
1128 1396 1201 1457 aunt,
1219 1395 1386 1464 meximeque

235 1472 315 1527 Paulus
327 1472 487 1544 Burgeuais,
498 1473 593 1529 Paulus
603 1474 873 1547 Foroaemproniensis
885 1478 1036 1547 epiecopus,
1051 1476 1163 1530 Ioannes
1174 1478 1300 1543 Lueidus‚
1317 1480 1386 1532 Ouu-

235 1556 299 1621 mur,
316 1558 468 1623 Ismenius,
481 1560 648 1613 blaldouatus
659 1566 747 1614 uester
759 1562 848 1615 etalii.
884 1560 1039 1631 Quanquam
1050 1569 1077 1615 et
1087 1563 1118 1627 ii,
1135 1567 1161 1615 et
1173 1579 1263 1616 omnes
1274 1564 1329 1617 iere
1341 1565 1386 1634 qui

235 1641 346 1695 ismenus
357 1643 429 1697 hane
445 1644 593 1715 opinionem
610 1646 725 1716 amplexi
742 1651 815 1709 sunt,
832 1646 864 1699 ud
875 1648 1010 1716 vulgatam
1020 1648 1092 1699 illam
1103 1647 1228 1700 iestorum
1239 1650 1386 1702 translatio·

236 1744 283 1779 usu
293 1728 454 1782 etierlarum
471 1728 600 1783 delectum
617 1730 756 1800 coningere
772 1732 870 1795 solent,
888 1732 1090 1802 existimarique
1107 1734 1219 1803 primum
1236 1750 1386 1801 azymorum

235 1812 290 1866 diem
300 1830 438 1885 nunquam
449 1830 466 1866 a
476 1814 577 1869 Iudaeis
589 1815 654 1869 ieria
665 1834 700 1869 ιι.
712 1816 878 1869 celebratura.
896 1816 994 1870 Verum
1004 1818 1121 1870 nondum
1132 1818 1202 1870 istud
1214 1816 1308 1871 Giriati
1320 1824 1384 1871 tem-

235 1913 284 1965 pore
293 1900 466 1953 mustitutum
481 1900 575 1965 luisse,
592 1900 687 1953 dorent
702 1900 807 1970 ipsimet
822 1902 941 1955 Hebraei.
974 1902 1013 1955 Ae
1025 1903 1142 1972 proiecto
1154 1904 1176 1955 si
1187 1903 1385 1955 reiieiendarum

236 1984 482 2054 miscendumque
491 1984 615 2039 feriarum
628 1985 755 2039 ordinaria
762 1986 855 2039 fuisset
866 1986 911 2039 ille
922 1987 987 2039 ratio
998 1992 1077 2056 atque
1089 1989 1122 2040 ab
1134 1987 1261 2041 universis
1273 1992 1384 2057 recepta,

236 2082 304 2137 usque
315 2068 437 2123 christus
449 2070 581 2135 dominus,
598 2086 647 2123 uee
662 2070 708 2123 ulli
720 2072 825 2124 omnine
837 2071 928 2124 ludaei
937 2072 1088 2124 neomeniae
1099 2072 1232 2142 iratosque
1244 2073 1299 2126 dies
1311 2074 1385 2125 aliter

236 2168 302 2220 quam
310 2171 343 2207 ex
355 2154 425 2224 legis
436 2154 511 2208 istius
523 2156 682 2225 praescripto
695 2156 876 2209 celebrassent.
910 2156 969 2209 Nou
984 2158 1055 2209 enim
1070 2172 1195 2227 praeceps
1211 2174 1260 2210 neo
1275 2159 1386 2229 abrupta

236 2236 274 2287 iuit
282 2238 404 2293 feriarum
415 2240 462 2293 illa
472 2240 594 2305 mutatio,
607 2241 653 2294 sed
664 2240 717 2294 iam
728 2247 784 2294 tum
796 2241 822 2294 in
834 2242 891 2312 ipso
903 2242 965 2294 anui
977 2242 1060 2311 capite
1071 2242 1200 2312 provideri
1211 2256 1242 2294 ao
1253 2242 1386 2312 designari

237 2330 400 2380 consueverat.
421 2324 500 2379 Velut
510 2340 579 2379 auno
590 2326 720 2397 passionis
731 2326 830 2381 iactum
842 2340 898 2379 esse
910 2342 944 2379 ex
955 2327 1078 2397 opinione
1089 2327 1216 2396 Soadgeri
1227 2344 1307 2397 supra
1318 2328 1384 2380 ‹lixi-

237 2424 294 2472 uus;
303 2410 330 2462 in
342 2426 396 2480 quo
409 2426 470 2463 oum
481 2410 550 2465 'Pieri
561 2426 577 2463 a
587 2411 653 2465 ieria
664 2426 699 2466 rr.
711 2412 739 2465 in
751 2428 776 2465 ιι.
788 2412 947 2476 transiisset,
963 2428 1125 2482 consequeus
1136 2410 1187 2465 init
1197 2418 1227 2464 ut
1238 2418 1265 2463 et
1274 2412 1356 2465 Nisan
1368 2428 1385 2464 a

238 2508 264 2545 ιι.
274 2500 476 2551 summoveretur
486 2496 514 2548 in
525 2512 571 2551 ιιι.
588 2496 644 2549 Eoo
654 2497 735 2566 igitur
746 2497 770 2549 si
779 2498 887 2566 vulgare
899 2512 930 2549 ae
941 2503 1093 2567 perpetuum
1105 2502 1186 2561 esset,
1198 2513 1274 2550 nemo
1286 2514 1303 2549 a
1314 2514 1384 2551 eom-

238 2580 296 2631 uuni
305 2580 493 2637 cousuetudine
504 2581 642 2635 recederet
663 2580 789 2645 Quocirca
801 2582 1032 2635 extraordinariam
1044 2582 1174 2653 quandam
1186 2587 1213 2634 et
1223 2583 1384 2652 singularem

238 2664 442 2729 perturbationem
454 2666 572 2719 extitisse
583 2666 722 2720 verisimile
734 2673 785 2731 est,
803 2682 869 2737 quae
886 2684 917 2719 ee
934 2666 1062 2720 duntaxat
1078 2684 1167 2720 menae
1183 2668 1383 2738 contigeritque

239 2746 337 2803 Uiriatus
348 2766 445 2822 passus
457 2756 509 2815 est;
526 2750 590 2805 adeo
606 2757 636 2805 ut
646 2768 700 2806 nou
710 2752 767 2823 ipae
778 2752 863 2805 solum
875 2768 936 2805 oum
947 2754 1085 2823 apostolia,
1102 2752 1148 2805 sed
1162 2758 1188 2805 et
1198 2753 1244 2805 alii
1254 2752 1356 2806 diverso
1368 2770 1385 2804 a

238 2834 327 2888 rubris
338 2834 382 2889 die
395 2836 555 2891 celebrarint.
583 2836 651 2890 Nam
663 2842 689 2891 et
698 2836 762 2891 illud
773 2836 911 2909 Epiphanii
923 2840 1002 2893 rerba
1012 2839 1070 2909 ipsa
1081 2836 1225 2902 declarant,
1240 2854 1299 2891 eum
1312 2837 1384 2907 tope-

240 2916 307 2981 ioae
317 2920 508 2975 mononem
518 2922 545 2975 in
558 2922 678 2975 obeunda
689 2923 836 2977 salebritate
848 2925 970 2979 inuidisse
982 2924 1140 2994 significant.

290 3006 361 3061 lluuo
372 3009 403 3061 in
414 3007 520 3060 modum
533 3008 664 3078 explicata
675 3024 691 3061 a
701 3009 777 3061 uobis
790 3024 820 3061 eo
832 3008 940 3062 deiensa
950 3010 1095 3063 eommunis
1104 3010 1150 3062 illa
1161 3010 1290 3063 sententia
1301 3010 1383 3063 multo

240 3104 301 3155 quam
311 3093 393 3146 altera
403 3092 562 3162 probabilior
573 3092 638 3147 milii
647 3092 753 3158 ridetur,
766 3110 825 3146 oum
837 3098 891 3147 tam
903 3094 999 3147 diserta
1009 3110 1184 3163 expressaque
1195 3093 1300 3147 loannis
1310 3096 1383 3147 teeti·
1408 3124 1430 3163 p,
1440 3113 1484 3154 ιιι,

240 3176 386 3242 nouissimi,
402 3178 476 3230 nulla
491 3184 520 3230 ut
535 3178 662 3231 earillatio
674 3180 758 3248 possit
769 3178 879 3231 eludere.
915 3176 988 3241 Quod
1004 3178 1073 3229 enim
1085 3178 1153 3230 diem
1163 3178 1259 3231 festum
1270 3179 1383 3248 paschae

239 3274 273 3327 pro
288 3262 352 3316 uirili
368 3264 428 3333 ipso
446 3262 487 3315 die
503 3278 534 3315 ao
551 3266 595 3314 τοῦ
612 3262 766 3335 ιυχθημέρου
783 3263 919 3333 posteriori
934 3267 1008 3333 parte
1023 3262 1092 3313 sumi
1108 3261 1213 3331 quidum
1224 3264 1383 3328 existimant,

241 3360 291 3410 quae
301 3362 316 3399 a
326 3346 446 3419 sequenti
457 3352 515 3401 ortu
527 3348 590 3401 selis
602 3348 740 3419 iueiperet,
755 3348 782 3402 id
794 3348 839 3401 alii
849 3347 940 3401 merito
953 3344 1096 3415 repudiant.
1129 3346 1220 3415 Neque
1232 3347 1302 3399 euim
1313 3350 1383 3400 o'om·

240 3430 314 3483 nodus
322 3431 363 3486 bie
372 3448 466 3486 senem
474 3432 588 3487 ridetur:
601 3436 624 3484 Α
628 3444 668 3487 ers
670 3438 764 3503 sermm
769 3432 907 3504 parcioris
917 3430 1033 3483 Christus
1037 3431 1141 3501 poeria
1150 3431 1301 3495 celebravi&
1313 3434 1383 3501 quod

241 3528 265 3565 er
274 3516 318 3568 isla
327 3520 497 3589 responsione
509 3518 633 3589 sequitur.
656 3518 762 3573 Falsum
773 3523 800 3572 et
809 3518 873 3571 illud
886 3522 926 3571 est
937 3516 1006 3586 quod
1018 3516 1049 3569 de
1060 3516 1175 3569 seeundo
1191 3517 1296 3571 Ioannis
1310 3518 1383 3571 testi·

240 3602 310 3655 nouio
320 3602 426 3657 dieitur:
438 3604 602 3656 Maudueare
612 3604 724 3673 poeria,
743 3604 773 3657 rle
791 3618 956 3673 quocumque
967 3603 1131 3655 victimarum
1147 3602 1267 3673 usurpari
1279 3619 1382 3681 genere,

240 3688 538 3759 queepersepteuoadies
548 3690 722 3745 immolantur.
740 3688 814 3754 Quod
822 3704 856 3742 ex
864 3688 1070 3753 Deuterenxvr„
1078 3687 1103 3740 2.
1113 3693 1139 3740 et
1147 3686 1265 3743 Paniai.
1275 3688 1381 3759 capili).

240 3784 263 3820 er
271 3770 305 3825 35.
316 3774 484 3845 comprobare
495 3774 594 3829 nititur.
618 3774 710 3828 Nullus
723 3780 763 3828 est
774 3774 843 3827 enirn
855 3774 997 3845 scripturae
1007 3774 1093 3838 lorus,
1108 3774 1154 3827 ubi
1166 3773 1310 3844 paschatis,
1327 3774 1383 3828 sire

240 3850 305 3909 liae
314 3858 440 3913 rorabulo
455 3858 609 3913 bolooausta
619 3874 650 3913 ae
661 3860 789 3915 saorifieia
804 3864 906 3913 caetera
920 3858 1108 3929 siguibeeutur,
1124 3865 1155 3911 ut
1170 3859 1205 3911 sit
1219 3860 1288 3912 idem
1303 3861 1382 3912 seori·

240 3938 348 3999 itarersl
363 3944 523 3998 mauduoare
537 3944 634 4009 Pisaea,
652 3946 719 4015 quod
737 3962 781 3998 eas
798 3944 933 3998 immolare
950 3960 981 3997 ae
995 3944 1153 3998 mandueere
1164 3944 1297 4009 victimas,
1314 3960 1382 4014 quaa

241 4036 399 4099 europenses
410 4045 561 4099 azymorum
573 4030 627 4083 dies
639 4031 666 4084 iu
678 4030 775 4100 templo
789 4029 975 4083 mactabantur.
1010 4030 1048 4081 Ae
1065 4029 1260 4082 Deuteronomii
1276 4030 1381 4099 quidem

242 4108 296 4165 loeus
311 4114 348 4167 ies
365 4114 548 4185 corripiendus
565 4120 617 4168 esi:
646 4116 837 4184 immolabisque
855 4114 939 4167 Ptaee
955 4116 1054 4165 domino
1068 4114 1114 4164 deo
1130 4121 1171 4164 tue
1186 4131 1244 4167 eree
1259 4125 1284 4167 et
1298 4114 1378 4167 beosa

241 4210 287 4250 ιιι.
304 4198 347 4251 dal
365 4198 443 4260 θύσεις
459 4199 488 4251 rb
505 4196 591 4270 πὸσχιι
608 4200 684 4270 κυρὶῳ
702 4202 739 4269 τῷ
755 4200 803 4270 θιῷ
820 4216 864 4251 ouo
882 4198 996 4269 πρόβατα
1012 4196 1053 4248 aul
1070 4196 1137 4265 βόας.
1172 4198 1248 4252 Iubet
1257 4199 1380 4251 nimirum

242 4290 322 4346 meter
331 4282 430 4355 paseha
441 4285 518 4337 etiam
531 4285 595 4338 alias
609 4284 739 4338 inmolari
749 4285 881 4349 victimam
897 4300 951 4337 uon
968 4285 1056 4334 autem
1072 4296 1117 4335 eaa
1132 4284 1251 4336 rietiruas
1267 4281 1380 4353 appellat

242 4360 313 4423 Pleas.
346 4369 404 4422 lam
419 4370 496 4436 illud,
514 4370 585 4440 quod
602 4388 629 4424 rr.
641 4368 725 4424 Paral.
743 4384 799 4441 nep.
811 4368 851 4423 bi.
868 4369 993 4439 seriptum
1009 4366 1153 4432 affirmant,
1168 4366 1380 4436 perornaretur

243 4452 346 4515 ιιεέιιιιν
356 4454 454 4519 Pteee,
472 4464 496 4507 et
507 4456 681 4508 comedebatur
692 4454 788 4519 Pleas,
806 4454 874 4507 uude
886 4452 1033 4522 acceperint
1042 4453 1139 4506 neseio.
1162 4451 1298 4521 Nusquam
1309 4452 1379 4505 enim

243 4532 360 4607 illegitur.
378 4538 446 4603 Quin
455 4540 647 4611 potinapaaolra
656 4542 764 4594 caeteris
773 4540 806 4593 ab
816 4538 949 4592 sacrifieiis
957 4536 1262 4601 mauiieetediseeruitur,
1274 4535 1377 4607 rapit).

243 4624 352 4689 ou.15.‚
364 4630 391 4677 et
401 4640 459 4695 rap.
468 4624 510 4679 35.
522 4640 587 4679 eom.
599 4626 638 4679 16.
650 4630 676 4678 et
689 4625 728 4681 1⁷.

292 4708 420 4765 Postremo
431 4726 598 4781 parascevem
608 4708 721 4782 paaoiree
732 4710 848 4763 inaudita
859 4708 971 4779 quadam
981 4707 1104 4778 loquendi
1115 4707 1214 4761 ratione
1225 4705 1322 4761 dietam
1332 4724 1377 4763 ro-

243 4786 285 4843 lunt
293 4808 455 4863 pausarem
467 4796 581 4861 sabbati,
594 4808 663 4867 quae
669 4795 759 4849 eadem
768 4793 911 4865 etpumia,
923 4793 978 4847 sire
985 4793 1070 4864 prima
1077 4793 1132 4847 dies
1140 4807 1290 4861 azymorum
1299 4800 1375 4849 esset

245 4869 313 4947 itaqua
327 4880 396 4935 ea‘n
411 4880 544 4952 pesohatis
558 4880 639 4935 uliam
655 4894 822 4952 parascevem
836 4878 918 4935 inisse
932 4884 1052 4945 oeuseut3
1069 4878 1192 4949 quoniam
1208 4879 1281 4933 nulla
1295 4880 1377 4951 pridie
