3650 5642
441 606 556 663 coxon

440 765 595 836 0¹52qu
610 767 677 824 'tta
694 764 781 823 ills-li
799 767 864 824 m
880 767 917 823 ³:
934 765 978 826 'li
996 765 1052 826 ’Ἤ
1071 765 1180 824 nint:
1198 767 1290 824 illm
1307 765 1352 846 ¹5²
1369 767 1413 824 ³2·
1446 761 1484 816 Er
1496 761 1574 832 quihus

439 849 566 903 hebraica
577 847 675 901 Graece
689 847 785 917 scripta
799 847 952 920 corrigenda
968 851 1036 900 suut.
1060 845 1136 902 Velut
1152 863 1199 917 pro
1216 846 1357 916 οθϊαβοντῶν
1368 847 1420 918 leg.
1434 845 1523 916 οθίρβὼ
1533 841 1576 916 qul

439 936 503 988 hlox
515 951 562 1004 pro
574 931 661 1002 βιποθβ
672 933 724 1002 leg.
736 931 815 1001 βντοθ,
850 932 900 985 Pro
913 929 1009 1000 steht,
1022 929 1080 984 dost
1091 929 1137 984 ded.
1171 931 1236 986 Item
1249 949 1296 1003 pro
1308 932 1472 1004 σωδωλιμείρ
1481 933 1528 1002 leg.
1539 949 1577 982 sos

440 1019 564 1090 polrpslp
597 1018 628 1070 lu
641 1017 739 1072 Gmeco
750 1033 811 1071 tero
823 1018 932 1088 Aquilae
943 1033 989 1088 pro
1002 1016 1101 1086 ρίλαξις
1114 1015 1217 1086 νίρηνης,
1229 1017 1296 1071 forte
1307 1017 1474 1071 scribendum
1486 1015 1579 1086 pridies

439 1101 540 1173 είρήνην.

506 1188 536 1241 N.
549 1207 575 1242 x.
599 1186 698 1254 Ἐπειδὴ
710 1185 735 1238 ἐν
747 1192 825 1258 καιρῷ
837 1192 881 1239 τοῦ
893 1185 1079 1257 ἐπενεχθέντος]
1103 1185 1143 1240 Ex
1154 1186 1203 1240 hoc
1215 1188 1283 1242 sirii
1294 1189 1418 1258 opusculo
1430 1187 1580 1241 verissimum

438 1290 496 1326 esse
507 1275 603 1326 senties
615 1273 684 1343 quod
697 1273 729 1326 de
741 1273 831 1326 eodem
846 1273 979 1337 Socrates,
996 1271 1099 1328 Serum.
1117 1278 1144 1326 et
1160 1273 1238 1343 psulo
1254 1279 1314 1326 ants
1331 1271 1492 1344 Epiphanius
1507 1279 1581 1324 noster

438 1359 617 1422 asseverabat,
634 1375 729 1428 nempe
745 1357 893 1428 sophisticis
911 1357 1019 1428 argutiis
1031 1363 1056 1411 st
1066 1358 1272 1411 cavillationibus
1283 1357 1378 1410 fretum
1389 1359 1495 1411 Aletium
1505 1357 1580 1410 locun

437 1444 538 1496 veritati
554 1444 656 1496 lecisw.
690 1443 742 1497 Sed
759 1459 804 1497 cur
816 1442 932 1512 Χρονίτας
950 1449 1026 1496 vocet
1042 1459 1086 1496 eos
1104 1459 1119 1494 a
1136 1443 1229 1512 quihus
1246 1443 1383 1496 damnatus
1401 1449 1456 1508 est,
1473 1442 1582 1495 nimirum

437 1530 547 1582 Arianos
565 1529 655 1598 ipsos?
688 1526 847 1598 Epiphanius
864 1527 969 1598 quidem
986 1529 1013 1580 in
1024 1528 1214 1597 desponsione,
1232 1527 1293 1580 dum
1306 1527 1428 1597 Χρονιτῶν
1439 1527 1582 1580 vocabulum

436 1615 464 1668 iu
475 1616 546 1685 ipsos
558 1621 689 1683 retorquet
700 1617 859 1677 Anomoeos,
876 1614 963 1683 aitque
979 1611 1131 1666 catholicam
1148 1613 1283 1666 ecclesiam
1298 1614 1470 1682 temporalem
1482 1613 1528 1664 dici
1539 1627 1581 1662 nor

437 1705 528 1770 peso,
544 1699 614 1770 qnod
631 1699 664 1752 ah
680 1705 784 1751 aeterno
796 1697 886 1762 luerit,
903 1699 940 1750 ita
950 1697 1050 1751 ridetur
1062 1697 1204 1768 accepisse,
1219 1698 1295 1767 quasi
1306 1696 1422 1768 Χρονίτος
1434 1697 1581 1751 adversarios

438 1801 500 1838 suos
513 1785 603 1838 Aetius
620 1783 801 1854 appellaverit,
818 1783 887 1852 quod
903 1783 1006 1837 illorum
1018 1783 1082 1835 lides
1099 1799 1168 1836 nora
1178 1791 1247 1836 esset
1258 1797 1289 1836 sc
1299 1797 1407 1852 nupera.
1443 1784 1498 1836 lloc
1508 1791 1581 1834 uuam

436 1871 593 1924 intellexerit
603 1870 693 1922 Aitius
704 1885 756 1922 non
768 1868 844 1920 facile
856 1868 926 1921 dictu
938 1875 985 1921 est
1008 1869 1048 1920 Au
1059 1869 1145 1938 potius
1157 1867 1272 1938 Χρονίτας
1284 1867 1361 1933 dixit,
1377 1866 1427 1920 hoc
1446 1877 1487 1922 est
1497 1875 1582 1936 tenpo-

436 1958 517 2009 rarios
529 1956 688 2023 minimeque
703 1953 808 2006 stabiles
823 1953 947 2023 usquein
960 1959 1081 2024 suscepta
1092 1952 1141 2006 lide
1154 1959 1313 2016 constantes,
1330 1953 1375 2022 qui
1386 1953 1421 2006 ad
1432 1951 1582 2024 imperatoris

436 2050 528 2094 nutum
540 2047 567 2092 et
578 2041 689 2110 gretiam
701 2055 758 2092 sese
774 2055 805 2091 sc
820 2039 997 2091 credulitatem
1013 2055 1088 2091 suam
1103 2037 1343 2092 accommodarent?
1365 2036 1519 2093 Cuiusmodi
1528 2039 1582 2090 Aca·

437 2127 505 2188 ciue,
521 2125 655 2178 Eudoxius
667 2141 697 2177 ac
709 2125 803 2177 caeteri
815 2124 920 2178 luerunt
931 2125 976 2194 qui
988 2125 1103 2188 Adtium,
1120 2124 1162 2177 cui
1172 2121 1296 2176 hacteuus
1307 2123 1441 2189 faverant,
1459 2131 1528 2177 metu
1544 2122 1582 2174 im·

436 2211 561 2282 peratoris
573 2210 737 2264 damnarunt
772 2209 841 2262 Sane
859 2210 1015 2280 πρόςκανρος,
1033 2211 1190 2279 temporalis,
1207 2207 1299 2264 hlatth.
1310 2225 1377 2274 xm,
1393 2209 1440 2262 21.
1451 2209 1582 2280 appellatus

323 2307 327 2317 '
435 2298 490 2357 ille,
505 2298 549 2367 qui
561 2303 682 2367 suscepto
694 2295 735 2348 dei
745 2297 823 2348 verbo
834 2295 862 2347 in
874 2295 1052 2364 persecutione
1064 2294 1189 2348 desciscit.

504 2382 606 2436 Conlut.
619 2401 642 2434 ν.
675 2377 722 2432 Ἐν
734 2398 760 2431 τε
776 2382 828 2440 τοῖς
846 2378 960 2449 σοφίης]
995 2379 1034 2432 Ex
1051 2378 1100 2432 hoo
1117 2380 1174 2433 loco
1192 2377 1292 2432 discant
1307 2377 1431 2433 haeretici
1447 2379 1518 2452 quod
1532 2377 1581 2448 Epi-

435 2467 524 2538 phanii
536 2467 568 2520 de
578 2468 611 2520 iis
623 2466 695 2519 libris
705 2465 829 2518 iudicium
841 2464 925 2528 luerit,
938 2479 1003 2534 quos
1014 2465 1052 2518 illi
1064 2480 1080 2518 a
1092 2481 1189 2518 canone
1201 2463 1327 2530 reiiciuut,
1345 2481 1410 2534 quos
1423 2465 1528 2536 quiden
1538 2471 1581 2515 tan

434 2552 477 2606 hic
489 2569 566 2622 quam
579 2552 623 2604 alii
635 2559 735 2604 veteres
745 2557 833 2619 patres
844 2551 911 2602 inter
922 2550 1063 2620 scripturae
1075 2551 1154 2602 libros
1166 2557 1193 2603 et
1204 2549 1265 2611 θείας
1277 2548 1371 2620 γραρθς
1382 2551 1519 2621 recipiant

503 2637 633 2690 Conlutat
646 2653 710 2688 nvn.
733 2633 783 2703 ίίᾷν
795 2651 820 2686 τε
833 2637 999 2704 πνευματικῶς
1011 2634 1211 2704 ἀνακρινόμενος]
1244 2633 1315 2697 Quas
1329 2634 1481 2706 parenthesi
1497 2631 1582 2688 includi

434 2723 571 2786 iussimus,
583 2737 614 2773 ea
624 2721 683 2773 loco
695 2735 742 2772 suo
753 2719 851 2772 dimota
861 2726 924 2772 sunt
939 2727 965 2772 et
979 2719 1006 2771 iu
1018 2719 1094 2774 tertio
1103 2735 1179 2772 versu
1190 2719 1221 2772 sd
1233 2717 1301 2772 huuc
1311 2719 1418 2774 modum
1430 2717 1580 2792 reponenda:

435 2805 480 2876 κᾷν
492 2823 518 2858 τε
528 2805 590 2858 είποι
602 2803 616 2857 θ
628 2808 723 2874 πνεῦμα
733 2803 776 2871 ὢν,
791 2803 832 2855 acl
844 2805 985 2874 μονογενής.

672 3026 719 3082 AD
736 3023 908 3081 HAERESIM
923 3025 1064 3094 Lxxvtl,
1079 3026 1347 3082 Drrsossrlstturs

500 3149 532 3203 tt.
544 3166 572 3203 rr.
597 3146 635 3200 Δι’
647 3146 676 3199 ol
688 3144 780 3217 ἀνάγκη
792 3146 897 3217 γέγονε]
926 3145 1028 3218 Duplex
1040 3147 1091 3201 illis
1102 3147 1262 3218 temporibus
1273 3145 1361 3202 hahita
1371 3147 1488 3216 synodus
1498 3147 1579 3210 cst,in

434 3251 486 3306 qua
497 3253 567 3290 error
578 3234 729 3305 Apollinarii
740 3233 875 3287 damnatus
886 3238 934 3286 est.
965 3233 1050 3286 Prima
1061 3233 1231 3286 Mersudriac
1243 3233 1276 3286 ab
1287 3231 1428 3288 Athanasio
1440 3240 1467 3287 et
1477 3231 1579 3288 Eusebio

433 3321 602 3385 vercellensi,
619 3326 756 3390 postquam
768 3317 867 3372 Iuliano
879 3319 1035 3388 imperante,
1048 3317 1160 3389 Georglo
1172 3318 1205 3371 ab
1216 3317 1398 3372 Alexandrinis
1415 3320 1516 3382 occiso,
1532 3315 1580 3370 sedi

433 3423 495 3460 suae
512 3407 646 3460 restitutus
663 3412 704 3458 est
720 3403 891 3468 Athanasius,
909 3419 977 3457 auno
995 3403 1090 3457 Christi
1108 3419 1224 3462 occasu.
1249 3403 1336 3457 Altera
1352 3403 1451 3458 homae
1468 3405 1518 3458 sub
1534 3402 1578 3455 lia-
1615 3443 1616 3468 ,

432 3507 519 3555 meso,
531 3507 598 3544 anno
611 3489 705 3543 Christi
717 3504 862 3542 cccrum.
887 3487 951 3541 Vide
962 3489 1075 3542 Annales
1088 3487 1184 3542 Eccles.
1213 3488 1251 3541 De
1264 3487 1311 3542 hoc
1322 3489 1458 3560 posteriori
1468 3487 1578 3548 concilio,
1615 3471 1616 3564 ί

433 3576 506 3627 cuius
517 3591 607 3629 recens
618 3591 677 3628 cum
686 3572 749 3626 haec
758 3572 881 3626 scriberet
887 3570 1048 3642 Epiphanius
1058 3575 1184 3628 memoria
1195 3580 1257 3639 erat,
1268 3575 1378 3628 eundern
1388 3573 1578 3646 intelligendum
1615 3573 1616 3646 l

432 3660 562 3714 existimo.
1615 3669 1616 3702 l

398 3782 404 3796 .
497 3743 584 3797 sn.
607 3738 888 3812 οποννχρνανπχη
916 3741 1440 3816 surtoosvoenonopno,enstm
1450 3743 1578 3799 mesu-
1615 3705 1616 3792 ί

431 3829 538 3900 galitate
550 3845 580 3882 ao
591 3827 748 3899 parsimonia
759 3843 835 3880 usum
854 3843 923 3892 esse,
940 3827 1004 3882 nihil
1021 3835 1051 3882 ut
1067 3837 1189 3900 egereret.
1212 3831 1331 3884 tumtur
1341 3829 1454 3902 idipsum
1465 3830 1578 3885 clemen
1615 3893 1616 3910 ¹

430 3915 570 3969 Alexandr.
580 3931 618 3968 rrr.
625 3913 729 3977 Strom,
740 3913 786 3983 qui
797 3929 831 3966 ex
838 3911 962 3966 haeretici
969 3915 1038 3968 illius
1048 3913 1080 3966 ad
1088 3913 1284 3986 Agathopodem
1295 3915 1404 3986 epistola
1414 3917 1466 3969 ista
1476 3915 1576 3988 profert:
1615 3911 1616 3982 J

431 3996 529 4053 Ἦοθιεν
541 3998 581 4051 aei
593 3995 669 4051 ἔπινεν
681 3996 761 4067 idios,
778 3997 824 4050 oia
838 3996 969 4059 ἀποδιδοὺς
980 3995 1011 4051 τὰ
1023 3999 1148 4070 βρώματα·
1161 4001 1259 4066 sorados
1271 3994 1300 4066 ἦν
1312 3989 1380 4071 «θὶῷ
1392 3997 1530 4072 ίγκρατιίος
1541 3995 1577 4049 θί-
1615 3985 1616 4042 ί

431 4103 514 4157 saper,
526 4083 586 4145 ὥςτε
598 4083 716 4154 φθαρῆναι
727 4082 771 4150 τὴν
782 4081 908 4154 τρορὴνέν
922 4081 997 4154 αὐτῷ.
1615 4117 1616 4160 l

498 4169 529 4225 N.
542 4187 586 4223 xx.
611 4166 653 4221 Ἐν
666 4162 753 4229 οίςκοί
766 4165 1065 4238 Βντθλιοςθέπίσκοπος.]
1098 4171 1144 4224 Hic
1162 4171 1304 4225 estVitalis
1320 4171 1363 4226 ille
1380 4171 1478 4226 Meletii
1494 4169 1576 4225 Antio·

431 4255 505 4311 cheni
515 4256 656 4327 presbyter,
669 4254 713 4324 qui
725 4253 872 4308 ailariauo
881 4253 1027 4308 desciscens
1037 4273 1064 4308 ss
1077 4256 1109 4309 ad
1118 4255 1293 4328 Apollinarem
1304 4257 1466 4328 aggregarit,
1476 4263 1504 4311 et
1513 4251 1575 4327 quod

430 4343 528 4412 insigni
541 4342 637 4411 pietate
647 4339 778 4410 praeditus
795 4347 875 4404 esset,
891 4339 1029 4410 plerosque
1046 4341 1155 4396 eundem
1172 4342 1198 4394 in
1216 4359 1328 4396 errorem
1345 4343 1455 4413 impulit.
1490 4343 1574 4396 Postea
1615 4353 1616 4356 ’

432 4444 491 4482 sero
509 4434 595 4480 sectae
612 4441 674 4478 suae
690 4425 827 4495 episcopus
841 4425 986 4480 estractus.
1009 4425 1047 4479 De
1059 4441 1110 4497 qao
1122 4427 1281 4481 Soaomenus
1292 4428 1337 4483 lih.
1347 4445 1382 4484 rr.
1405 4427 1470 4483 Vide
1481 4435 1508 4482 st
1519 4425 1573 4480 (irs-

431 4515 533 4582 goriam
542 4511 651 4565 Nasam.
662 4508 732 4564 Orat.
738 4527 784 4564 rrr.
793 4511 826 4562 ad
832 4509 995 4576 cledonium,
1007 4511 1053 4566 ubi
1062 4521 1088 4566 et
1096 4510 1172 4566 huius
1183 4519 1209 4566 et
1217 4513 1455 4584 Apollinarlstarum
1466 4512 1571 4568 omniun

430 4600 567 4651 versutiam
580 4596 684 4665 detegit

497 4682 528 4736 N.
541 4700 634 4736 rxrrrr.
656 4677 805 4749 Ἀνθρονπίνη
817 4679 950 4752 ὑποδοχή]
985 4680 1115 4753 Scriptum
1127 4689 1181 4737 orat
1192 4678 1355 4752 ἀνθρωπίνης,
1366 4699 1413 4754 pro
1425 4697 1477 4755 quo
1487 4679 1570 4752 ἄνθρω-

431 4763 486 4830 sivo
498 4767 585 4819 nescio
598 4767 655 4837 quis
666 4763 806 4820 substituit.
824 4765 887 4837 heg.
898 4771 938 4820 est
946 4773 1034 4822 autem
1045 4763 1142 4837 Ἀννης,
1153 4773 1183 4822 ut
1194 4774 1234 4822 est
1243 4769 1271 4823 in
1282 4767 1373 4840 Regio.
1388 4767 1430 4823 Ex
1441 4785 1493 4840 quo
1504 4769 1570 4824 lihra·

429 4850 483 4903 rius
495 4848 642 4919 ἀνθρωπίνης
654 4865 743 4904 verum
754 4866 812 4904 csse
823 4850 937 4904 credidit.
959 4849 1025 4906 Nam
1037 4849 1108 4920 ἂννης
1119 4869 1166 4924 pro
1177 4853 1327 4924 ἀνθρωπίνης
1337 4851 1416 4910 soriti
1425 4853 1529 4910 auolat
