3650 5642
415 627 564 686 oocxvm

412 789 491 838 retur.
516 783 596 848 Quasi
606 799 667 837 rero
683 787 756 836 tanto
771 789 832 837 unte
846 779 1026 837 Innocentium
1041 799 1093 837 non
1110 782 1175 838 illud
1186 783 1368 840 Occidentalea
1380 783 1554 849 consuetudines,

414 885 480 940 quae
496 869 589 922 tacitae
605 869 672 939 legis
688 868 772 922 instar
787 873 869 932 esset,
886 869 1087 922 observaverint
1112 868 1202 940 Neque
1213 887 1275 924 reso
1292 871 1460 924 Innocentius
1471 869 1556 922 hunde

414 954 516 1008 sabbati
526 953 622 1006 ieiunio
633 955 771 1025 praecepit,
784 969 861 1024 quem
874 969 980 1007 caussas
991 955 1078 1007 uttulit
1089 969 1136 1008 cur
1144 956 1252 1009 eabbato
1264 955 1441 1010 ieiunandum
1448 953 1557 1008 videntur.

412 1039 452 1092 ad
463 1044 609 1092 extremm
620 1037 652 1092 de
663 1039 766 1092 aabhau'
781 1039 914 1108 religionis
930 1040 997 1092 inter
1008 1039 1226 1094 Pseudodietaxes
1240 1041 1409 1111 Apostolices
1425 1047 1495 1094 extat
1501 1039 1560 1092 Petri

412 1139 444 1176 ac
458 1123 533 1177 Pauli
546 1125 653 1178 nomine
670 1121 739 1177 edita
754 1124 853 1178 amotio
869 1124 915 1178 lib.
924 1141 979 1177 vnn.
992 1139 1048 1195 cap.
1058 1141 1152 1179 nram.
1185 1125 1219 1178 Ut
1228 1145 1255 1178 eo
1268 1129 1311 1178 dle
1323 1143 1358 1179 nc
1371 1127 1562 1178 doninicoeersl

1597 364 1610 746 ί

413 1209 446 1260 οδ
457 1227 531 1278 opere
535 1213 633 1277 feriati
641 1213 706 1262 aiut:
717 1205 888 1280 ίχαζίσβωσαν
899 1206 923 1259 οἱ
934 1207 1019 1260 δοῦλοι
1031 1207 1101 1260 πίνει
1111 1208 1215 1280 ἡμέρας,
1227 1209 1354 1280 σάββατον
1367 1210 1397 1262 el
1409 1209 1452 1262 zoi
1461 1208 1562 1280 εοριαιὴν
1618 1256 1619 1261 ,

411 1292 603 1363 σχολαζίεωσαν
614 1291 677 1366 deaii
688 1291 805 1365 ίιιιιλησίρ
815 1292 856 1346 διά
866 1291 909 1360 τὴν
922 1291 1080 1346 διδασκαλίαν
1092 1298 1134 1361 τῆς
1145 1294 1273 1364 εὐσεβείας.
1299 1296 1356 1349 Hoc
1365 1313 1432 1350 vero
1442 1309 1563 1364 nunquam
1618 1326 1619 1367 ρ

411 1377 446 1430 ah
456 1379 582 1448 apostolis
591 1393 712 1432 manease
720 1379 852 1433 decretum
862 1384 970 1450 apparet
981 1393 1014 1431 ex
1026 1395 1065 1444 eo,
1077 1379 1146 1450 qnod
1154 1380 1315 1434 [leodicense
1326 1381 1426 1436 concil
1435 1381 1565 1434 cmm
1618 1394 1619 1436 ι

411 1462 506 1516 diserte
515 1469 587 1517 aetat
596 1465 705 1518 sabbato
716 1465 814 1518 otiosos
826 1479 884 1518 esse
895 1463 1064 1517 Christianos.
1089 1461 1148 1516 'Otr
1164 1464 1193 1517 oi
1206 1465 1244 1517 δεῖ
1253 1467 1418 1536 Χριστιανοὺς
1431 1459 1565 1525 ’loetaliter

411 1548 452 1600 καί
463 1545 488 1600 ie
498 1553 537 1618 τῷ
549 1547 667 1620 σαββάτῳ
679 1547 817 1620 σχολάζειν,
835 1546 900 1600 ἀλλὰ
916 1546 1057 1619 ίργάζεσδαι
1069 1547 1157 1610 αὖτοὺς
1171 1547 1194 1601 ie
1207 1555 1237 1622 νῇ
1249 1549 1309 1620 αὐτῇ
1321 1549 1422 1624 ἥμερα,
1440 1549 1483 1617 rip
1494 1548 1566 1615 δίμο-

412 1631 495 1702 ριαιιδν
512 1636 695 1705 προτιμῶντας,
713 1633 733 1686 εί
749 1651 778 1703 γε
794 1634 906 1686 δύναιντο
923 1631 1061 1704 σχολάζειν,
1081 1630 1115 1695 ὡς
1132 1635 1283 1706 Χριστιανοὶ,
1300 1634 1321 1687 εί
1338 1634 1366 1688 δὲ
1386 1635 1503 1706 είρεδεῖιν
1512 1633 1567 1685 'loo-

411 1717 519 1785 δαίεται,
533 1716 644 1771 derosae
654 1717 762 1789 ἀνάθεμα
773 1717 956 1790 ααρδΧριοτῷ.
984 1719 1127 1772 Dominicis
1143 1721 1230 1790 potine
1248 1735 1327 1790 quam
1344 1722 1471 1774 sabbatis
1486 1733 1566 1772 racem

410 1804 490 1869 iuhet,
501 1810 528 1858 et
538 1805 610 1858 eddit
619 1810 718 1868 umen,
730 1804 753 1856 si
764 1805 867 1858 illorum
878 1803 1015 1858 commodo
1026 1803 1083 1857 fieri
1093 1811 1186 1875 potest
1209 1804 1245 1858 Ut
1255 1805 1372 1860 nondum
1386 1807 1444 1860 illia
1456 1803 1566 1875 componi

410 1889 461 1943 hus
472 1891 505 1944 ab
517 1891 589 1944 omni
600 1905 677 1959 opere
687 1888 795 1942 ieriatos
807 1905 863 1943 esse
874 1890 978 1960 penitus
989 1889 1160 1943 constitutum
1175 1889 1264 1955 inerit,
1280 1891 1319 1944 uti
1335 1891 1460 1946 Eoueras
1477 1897 1503 1944 et
1517 1889 1567 1942 Bal·

410 1991 483 2028 samo
495 1973 527 2028 ad
537 1975 611 2027 illum
622 1989 749 2028 canonem
760 1974 892 2029 eductam.

477 2058 528 2126 Τὴν
538 2057 566 2112 dl
576 2061 793 2129 τισααραιιοπήν]
814 2060 851 2112 Διί
863 2059 1096 2130 quadragesimalis
1107 2060 1197 2114 ieiunii
1208 2061 1430 2116 consuetudinem
1443 2063 1479 2116 ah
1489 2061 1568 2113 heere·

410 2145 519 2198 ticorum
531 2145 661 2197 calamia
670 2143 852 2198 uindicandum
865 2145 976 2215 insignia
991 2143 1032 2198 hic
1044 2143 1182 2216 Epiphanii
1196 2147 1269 2200 locus
1287 2153 1334 2202 est.
1363 2146 1527 2218 Quanquam
1542 2159 1567 2196 ea

410 2245 452 2282 ree
462 2229 571 2282 infinitis
582 2229 748 2300 antiquorum
763 2235 866 2301 petrum
882 2245 913 2283 ac
930 2231 1098 2284 conciliorum
1114 2231 1269 2285 testimoniis
1286 2233 1429 2302 explorata
1446 2233 1512 2286 uduo
1527 2235 1567 2291 tet

409 2314 475 2368 nihil
485 2320 515 2368 ut
524 2315 700 2386 impudentius
711 2315 745 2369 ab
753 2313 884 2369 hodiernis
894 2313 1031 2368 haereticis
1042 2315 1142 2369 irrideri
1153 2317 1333 2387 repudiarique
1345 2319 1443 2371 soleat.
1462 2315 1567 2371 Consule

410 2417 477 2471 quae
487 2401 515 2454 ln
523 2401 627 2472 magnis
634 2401 778 2454 Annalibus
786 2406 865 2470 atque
876 2401 909 2452 ab
921 2400 979 2453 aliis
992 2399 1106 2454 studiose
1117 2403 1227 2454 collecta
1238 2407 1306 2468 sunt,
1318 2403 1364 2474 qui
1372 2403 1506 2456 advorsus
1513 2400 1566 2453 hae

408 2487 503 2540 reticos
514 2487 681 2556 scripserunt.
708 2485 760 2540 Sed
775 2486 842 2540 mira
856 2484 984 2555 quaedam
999 2485 1026 2538 iu
1043 2485 1274 2556 quadragesimalis
1284 2487 1375 2541 ieiunii
1386 2489 1520 2559 religione
1530 2501 1567 2538 ra·

409 2573 489 2625 rietes
501 2571 569 2642 apud
580 2571 701 2641 antiquos
713 2570 857 2636 extitit„de
868 2585 921 2640 qua
931 2569 1050 2624 Irenaeus
1061 2571 1130 2642 apud
1141 2571 1281 2625 Eusebium
1293 2571 1337 2626 lib.
1347 2591 1371 2628 v.
1383 2589 1446 2644 cap.
1455 2589 1535 2634 νων,
1545 2577 1567 2621 et
1620 2569 1621 2606 l

410 2656 529 2710 Socrates
541 2657 585 2710 lio.
594 2673 619 2711 ε.
633 2671 688 2727 oep.
697 2673 763 2710 rau.
784 2653 834 2719 Qui
845 2655 949 2726 quidem
961 2655 1097 2726 insigniter
1108 2657 1219 2723 aberret,
1231 2657 1292 2710 dnm
1303 2657 1402 2711 Eumne
1415 2659 1511 2712 scribit
1520 2663 1566 2708 nee
1620 2653 1621 2714 Ῐ

409 2741 537 2796 desumet
546 2739 720 2794 hebdomadas
732 2746 792 2794 ante
803 2739 903 2794 Peache
913 2741 1038 2795 continno
1049 2741 1170 2808 leiuuad,
1187 2749 1296 2814 excepto
1311 2743 1422 2796 sebbeto
1441 2759 1476 2796 ac
1492 2741 1566 2794 doni·

409 2827 476 2882 ulos.
500 2825 574 2891 Quod
589 2841 668 2896 supra
683 2824 824 2879 refutatum
840 2831 887 2879 sat.
913 2826 1025 2880 Subiicit
1035 2825 1127 2880 deindo
1144 2843 1191 2880 sex
1202 2828 1236 2881 ab
1248 2827 1306 2881 eliis
1317 2825 1501 2882 hebdomadas
1512 2829 1566 2878 aute

409 2910 517 2983 pascha,
528 2911 563 2964 ab
574 2911 632 2964 allia
643 2915 754 2980 septem,
765 2911 862 2964 ieiunio
874 2911 1027 2964 consecrari.
1044 2913 1115 2966 Alios
1127 2931 1161 2967 xv
1173 2914 1243 2966 solos
1255 2913 1309 2966 dies
1320 2929 1366 2984 per
1376 2931 1415 2967 en
1426 2912 1566 2968 hebdoma-

409 2995 456 3050 das
467 2996 623 3067 dispensare.
650 2993 700 3059 Qui
712 3011 801 3049 omues
812 3011 890 3049 snum
899 2997 974 3049 illum
986 2995 1086 3050 dierum
1096 3013 1232 3051 numerum
1244 2998 1445 3068 cumpater-nlo
1456 2997 1565 3070 appelle·

408 3083 479 3136 hant
504 3081 575 3135 Sene
590 3080 659 3152 apud
673 3079 793 3135 Photium
809 3097 881 3137 num.
890 3096 954 3136 cerr.
966 3079 1079 3136 Basilius
1091 3082 1159 3136 Gilix
1170 3083 1338 3137 Nestorianus
1354 3082 1485 3138 adversus
1496 3083 1565 3136 loen

408 3183 469 3222 nem
479 3166 722 3238 Scythopolltenum
737 3168 852 3222 scribens
870 3168 959 3222 obiicit
973 3168 1041 3221 inter
1051 3173 1165 3221 caetera:
1182 3167 1219 3220 ὅτι
1230 3167 1273 3235 τὴν
1285 3167 1356 3238 ἁγίαν
1367 3165 1564 3239 τεσσαραοστὴι

409 3251 440 3315 ιίς
452 3257 514 3326 τρεῖς
525 3251 663 3324 ίβδομάδας
673 3251 817 3324 σογκλιίων,
833 3251 891 3305 coel
908 3249 933 3305 ἐν
944 3253 1040 3314 ταύταις
1052 3255 1095 3319 τῆς
1105 3255 1155 3305 τῶν
1166 3255 1263 3319 πτηνῶν
1276 3253 1429 3324 κρεωφαγίας
1442 3252 1563 3324 Excipere.
1621 3265 1622 3310 ι

408 3337 469 3393 Euit
478 3340 546 3394 enim
558 3355 613 3392 uon
623 3339 710 3392 minor
720 3339 748 3392 iu
759 3339 876 3404 ethorum
888 3338 989 3392 delectu
1000 3339 1206 3408 ubetiuentieqne
1218 3337 1367 3404 diversitas,
1382 3337 1414 3392 de
1431 3355 1488 3410 qua
1498 3337 1563 3391 idem

408 3424 536 3478 Bomatss.
552 3424 617 3478 Vide
628 3429 654 3476 et
665 3423 818 3476 Cassianum
830 3425 915 3477 collat
922 3441 985 3489 xxi,
997 3424 1162 3477 Ambrosium
1174 3423 1376 3478 Serm.xnm.·et
1386 3423 1561 3494 sequentihus.

408 3509 510 3564 Serum.
522 3509 566 3563 lib.
575 3525 621 3562 vu.
632 3523 690 3578 esp.
699 3525 754 3562 arr.
771 3506 931 3578 Epiphanius
942 3525 1017 3578 porro
1029 3525 1074 3579 per
1086 3505 1146 3560 luri
1157 3507 1247 3578 ἡμέρας
1258 3513 1303 3560 τοῦ
1315 3509 1414 3579 πάσχα,
1426 3516 1490 3563 ente
1501 3521 1562 3579 quas

408 3591 451 3660 τὴν
461 3592 658 3663 τεσσαρακοστὴν
669 3593 792 3646 celebrari
807 3592 882 3657 dicit,
898 3609 953 3646 non
969 3609 1027 3646 eam
1043 3592 1230 3647 hebdomadem
1246 3593 1368 3664 intelligit
1384 3609 1452 3664 quae
1469 3591 1561 3666 puecha

406 3677 548 3748 praecedit,
563 3679 603 3731 utl
617 3683 708 3748 postea
722 3693 783 3730 com
793 3674 836 3736 eisc
847 3676 873 3738 ἓξ
882 3675 974 3747 ἡμέρας
986 3683 1030 3730 τοῦ
1042 3675 1127 3748 πάσχα
1141 3680 1271 3744 nominat,
1287 3679 1332 3732 eod
1348 3679 1380 3732 de
1395 3679 1561 3750 paschalibus

406 3777 445 3815 en
458 3761 531 3816 isrila
546 3763 668 3832 loquitur,
685 3777 751 3832 quaa
766 3761 896 3814 antecedit
911 3763 1136 3834 quadragesimale
1152 3763 1285 3818 ieiunium.
1311 3763 1404 3817 Utrum
1415 3779 1479 3818 vero
1495 3761 1560 3834 apud

374 3885 380 3899 .
407 3846 528 3917 Cyprios,
544 3847 590 3900 ubi
600 3845 662 3900 haec
674 3847 804 3901 scribebat
814 3845 986 3917 Epiphanius,
1003 3849 1113 3902 sabbeta
1124 3849 1390 3920 quadragesimalnlsus
1400 3847 1507 3904 ieiuniis
1519 3863 1560 3900 ex·

407 3938 494 4002 empta
504 3933 569 3997 aiut,
585 3949 638 3986 non
654 3933 716 3986 satis
733 3939 848 4002 apparet.
873 3933 910 3985 sc
922 3933 1039 3986 videntur
1051 3949 1083 3987 er
1096 3933 1271 3988 Romanorum
1282 3935 1443 4004 aliorumque
1454 3949 1559 3989 consue

406 4017 495 4072 tudine
506 4019 584 4071 etium
596 4018 686 4072 diebus
696 4017 749 4071 illis
759 4017 901 4080 ieiunasse,
919 4033 978 4070 cum
993 4019 1063 4072 solos
1075 4017 1218 4073 dominicos
1230 4019 1283 4073 dies
1295 4019 1416 4090 excipiet.
1442 4019 1558 4074 Proiecto

406 4104 475 4157 enim
490 4103 522 4156 de
537 4104 653 4157 sabbatis
667 4103 775 4157 minime
790 4102 921 4156 tacuisset.
949 4101 1104 4173 Quanquam
1121 4103 1288 4158 sabbatorum
1304 4105 1361 4158 ideo
1379 4104 1492 4158 sonasse
1508 4119 1558 4158 uon

405 4189 535 4254 meminit,
551 4189 619 4259 qnod
635 4207 688 4243 uon
703 4188 812 4243 eandem
828 4187 896 4258 apud
907 4205 998 4242 omnes
1009 4189 1131 4242 ecclesias
1142 4188 1253 4242 formem
1265 4205 1323 4242 sese
1334 4189 1556 4244 cousuetudinem·

406 4291 456 4344 qus
466 4279 594 4338 comeret,
610 4289 695 4345 neque
706 4275 843 4345 quicquum
855 4289 933 4343 super
944 4289 975 4326 ea
986 4289 1014 4327 re
1025 4275 1103 4328 sciret
1113 4274 1146 4328 ab
1158 4275 1283 4345 apostolis
1294 4291 1352 4328 esse
1363 4276 1556 4346 praescriptum.

404 4358 452 4412 llic
463 4365 550 4413 autem
560 4359 625 4412 nitus
637 4359 763 4413 eossolos
774 4359 910 4430 complecti
921 4359 1016 4424 voluit,
1032 4375 1098 4430 quos
1114 4361 1147 4412 ab
1165 4361 1290 4430 apostolis
1305 4359 1353 4413 toti
1370 4347 1495 4414 eccleeiee
1509 4369 1555 4414 tre·

405 4443 484 4510 ditos,
499 4461 552 4498 non
568 4450 695 4497 certorum
710 4447 827 4498 locorum
837 4444 980 4515 peculiares
992 4461 1050 4497 eene
1061 4443 1182 4499 crederet.
1208 4445 1344 4516 Perperam
1355 4461 1417 4498 rero
1428 4445 1554 4499 Pamoliua

404 4525 437 4579 ad
446 4527 553 4584 Tertull.
567 4531 662 4583 librum
678 4529 802 4583 adversus
817 4529 909 4600 Psyeh.
923 4545 978 4600 cep.
987 4545 1029 4582 xv.
1040 4527 1109 4582 hunc
1125 4531 1211 4601 ipsum
1226 4529 1363 4602 Epiphanii
1378 4531 1465 4584 locum
1481 4531 1554 4584 intes·

404 4613 488 4680 polet,
503 4620 531 4667 et
545 4631 592 4685 pro
604 4626 695 4685 septena
707 4617 773 4678 dise,
788 4613 858 4668 haud
875 4614 952 4669 dubie
968 4613 1119 4684 legendum,
1135 4625 1226 4686 septem
1238 4615 1421 4679 hebdomadas,
1436 4615 1553 4670 affirmat.

403 4695 509 4751 Frustra
519 4705 568 4765 est,
578 4701 693 4771 inquam.
713 4698 816 4752 Etenim
827 4697 918 4770 ἡμέρας
930 4705 970 4753 eet
980 4701 1008 4753 ln
1020 4699 1128 4764 Graeco,
1140 4715 1193 4754 non
1205 4697 1350 4772 ἑβδομάδας.
1373 4699 1406 4753 Et
1416 4699 1509 4772 ἡμέρας
1519 4703 1553 4754 in·

403 4781 507 4852 telligit,
518 4799 585 4854 quae
595 4803 612 4840 a
623 4785 724 4840 solenni
733 4783 865 4855 paschatis
876 4785 975 4849 ineunt,
987 4791 1047 4839 ants
1059 4799 1124 4854 ques
1133 4784 1148 4852 ἡ
1157 4783 1339 4858 τεσσαραιοαιὴ
1348 4784 1431 4840 solida
1438 4785 1552 4841 decerni.

470 4865 520 4927 Τάς
532 4867 559 4920 δε
569 4869 595 4930 li
604 4870 695 4942 ἡμέρας
706 4873 751 4922 τοῦ
762 4867 868 4939 πάσχα]
897 4870 951 4923 Sex
966 4871 1017 4924 illle
1034 4871 1161 4924 duntaxat
1177 4871 1266 4925 diebus
1282 4871 1399 4936 maioris,
1416 4877 1445 4926 ut
1457 4879 1552 4936 vocent,
