3650 5642
630 616 674 669 nn
691 613 811 667 nunno.
828 615 1025 671 cinnanum.
1385 607 1405 670 5

237 731 286 784 nia
302 732 436 800 compilare
449 732 558 785 noluisse
570 735 732 801 postmodam
748 734 885 800 riderer').
921 735 1037 786 Ceteram
1050 735 1082 787 sb
1094 733 1228 804 Epiphaaii
1239 735 1288 787 Tui
1299 735 1407 788 lectori-

238 819 292 869 bus
319 817 440 881 eundem,
464 837 538 888 quarn
557 822 613 882 Tu,
638 820 736 871 reniam
759 829 839 889 peto,
862 819 978 872 nimirum
995 839 1051 872 meo
1070 821 1095 871 in
1112 819 1198 870 labore
1225 829 1252 869 ut
1277 839 1328 872 noa
1352 833 1406 874 tana

236 913 376 970 spectent,
402 904 461 973 quid
486 923 536 956 aon
553 905 734 973 praestiterim,
758 923 831 974 quarn
855 905 915 974 quid
941 905 1124 974 praestiterim,
1151 904 1297 972 praesertim
1320 924 1404 974 quum,

237 987 316 1055 quod
331 989 369 1040 Te
387 989 487 1040 minime
507 991 587 1058 latet,
614 991 679 1042 lianc
704 1008 803 1060 quoque
829 990 936 1058 opellam
964 989 1118 1058 philologum
1144 989 1322 1042 elaboraverim
1339 991 1405 1044 inter

236 1073 367 1124 bouem
384 1075 522 1126 stadiorum
539 1075 858 1144 impedimentum,
875 1086 901 1127 et
919 1092 981 1144 quse
998 1074 1065 1126 head
1081 1075 1134 1126 scio
1150 1093 1181 1126 an
1201 1075 1312 1144 queraris
1329 1076 1405 1128 eliam

235 1159 271 1209 ab
289 1159 343 1209 illis
361 1159 511 1211 deterreant.

310 1243 384 1296 stit
400 1263 461 1297 vero
480 1245 544 1297 Deus
561 1247 675 1315 Optimus
693 1248 822 1311 Maximus,
844 1256 871 1297 nt
887 1247 988 1298 tandem
1005 1245 1139 1314 aliquando
1157 1246 1226 1298 hisce
1243 1245 1333 1297 studiis
1353 1247 1404 1298 ho-

234 1339 314 1380 neste
331 1340 358 1379 et
377 1348 407 1381 es
424 1333 539 1400 professo
557 1332 641 1384 virere
659 1333 767 1401 possim,
794 1344 872 1401 atque
888 1349 921 1382 ae
938 1333 964 1382 in
981 1341 1129 1400 perpetuum
1152 1330 1219 1382 inter
1242 1331 1404 1384 humanitatis

306 1588 337 1656 ⁸)
356 1589 383 1638 ia
401 1588 506 1655 gratiam
524 1604 625 1655 eoram,
642 1588 684 1656 qai
701 1587 782 1640 minas
798 1599 908 1652 norunt,
933 1605 997 1657 quse
1015 1603 1062 1656 ego
1079 1587 1105 1638 in
1132 1601 1225 1654 genere
1248 1583 1403 1653 philologiae

234 1673 412 1740 patrologiose
429 1673 555 1724 elaboravi
572 1673 680 1741 scripta,
709 1690 781 1724 eme
796 1674 822 1724 in
839 1674 878 1725 his
896 1673 1021 1742 symbolis
1042 1671 1179 1723 identidem
1205 1671 1296 1731 citata,
1321 1670 1402 1722 visum

235 1770 275 1808 est
293 1777 326 1810 es
344 1758 468 1809 hocloco
493 1775 644 1812 enumerare.
681 1763 744 1808 Sunt
761 1769 843 1810 autem
861 1759 938 1810 haec:
966 1761 1003 1811 1⁰.
1018 1761 1045 1810 S.
1062 1761 1166 1810 Basilius
1184 1759 1286 1820 liopnus
1302 1759 1402 1808 Plotini·

234 1861 311 1906 sons,
338 1843 538 1912 supplementum
564 1843 681 1894 editionis
705 1843 798 1894 Plotini
825 1843 1016 1902 Cremonense,
1052 1841 1135 1894 Basilii
1160 1843 1194 1892 Μ.
1222 1840 1398 1893 Garnerianae.

236 1931 351 1988 beroae,
378 1929 445 1996 apud
465 1929 489 1978 C.
510 1933 537 1980 A.
561 1929 772 2001 leoniumlilium.
808 1924 1134 1980 Mncccxxxv1u.t⁰.
1155 1955 1188 1966 -
1222 1927 1262 1979 2⁰.
1282 1929 1397 1978 Animad-

236 2019 355 2065 tersiones
370 2019 397 2066 in
414 2017 440 2066 S.
456 2018 542 2066 Basilii
558 2012 640 2078 liapni
657 2031 743 2079 opera,
767 2015 968 2084 supplementum
986 2011 1103 2064 editionis
1122 2011 1291 2064 Gamerisnse
1307 2027 1399 2062 secon-

236 2099 290 2149 dae.
329 2099 472 2150 Fasciculus
492 2103 515 2161 Ι,
534 2100 665 2150 continens
682 2101 908 2152 animadversiones
925 2100 951 2150 iu
969 2101 1065 2150 tomi.
1101 2096 1231 2148 Accedunt
1248 2095 1399 2148 emblemata

239 2185 386 2236 Plutarchea
413 2203 442 2235 cx
461 2184 543 2235 Basilii
562 2186 634 2235 Hom.
653 2185 679 2235 in
696 2186 784 2236 Psalm.
802 2185 871 2236 XlV.
908 2187 1002 2235 Bernse
1027 2193 1052 2233 et
1078 2186 1103 2234 S.
1123 2182 1189 2233 Galli
1215 2181 1398 2232 Helvetiorum.

237 2270 359 2337 impensis
384 2269 479 2320 lluberi
505 2281 531 2320 et
548 2273 605 2321 Soc.
629 2271 661 2332 tl.
678 2270 815 2326 Koerberit
832 2269 1030 2320 Mucccxntt.
1047 2269 1088 2322 8⁰.
1106 2297 1138 2308 —
1173 2268 1215 2320 30.
1234 2277 1261 2317 et
1278 2265 1318 2318 4⁰.
1339 2269 1397 2318 Gen·

238 2371 304 2407 ssroe
324 2359 467 2420 Specinrlms
488 2371 563 2407 novoe
588 2358 695 2406 editionis
719 2358 882 2406 animationis
900 2358 925 2406 S.
942 2357 1027 2406 Basilii
1044 2357 1125 2418 ttapni
1141 2356 1175 2404 ad
1198 2355 1354 2404 adolescentes
1368 2354 1398 2402 de

237 2444 449 2492 iniunctione
471 2445 592 2505 prutilium
616 2443 732 2504 capienda
759 2440 798 2490 ed.
816 2441 841 2490 Ρ.
862 2440 889 2491 C.
916 2441 986 2492 Hess.
1013 2438 1169 2490 Helmstadii.
1195 2437 1396 2488 tnncccxttt.

237 2526 298 2586 (rid.
316 2528 450 2590 moeniti
473 2529 513 2589 fiir
537 2529 575 2578 die
599 2527 899 2589 Altertiumsroissensclsatl
927 2523 998 2578 1843.
1022 2523 1307 2592 p.1012-1020.er:
1334 2523 1397 2573 Neue

238 2613 381 2663 lolrbdcber
398 2613 439 2674 t‘r'cr
457 2614 584 2674 Philolopie
600 2613 649 2661 und
667 2613 816 2675 Pddupopilt.
837 2609 984 2662 tussiat.
999 2611 1099 2660 XLIX.
1118 2609 1187 2658 Fasc.
1208 2609 1247 2658 tv.
1273 2624 1298 2674 p.
1311 2605 1396 2658 371-

238 2693 305 2756 425).
322 2724 358 2736 -
392 2699 434 2748 5⁰.
454 2699 670 2747 Animadversiones
693 2699 717 2746 tn
733 2699 883 2758 posteriorem
903 2701 997 2758 partem
1016 2697 1133 2746 Basiliani
1149 2695 1256 2756 opusculi
1273 2695 1302 2743 dc
1319 2695 1396 2756 tepen-

239 2782 273 2829 dis
286 2785 410 2844 prutilium
423 2784 496 2832 libris.
511 2780 574 2848 (vid.
590 2783 675 2832 cretio
686 2783 727 2844 sicr
742 2783 872 2843 Philolopie
884 2783 935 2830 und
948 2783 1097 2844 Pddapopilt.
1113 2779 1167 2830 Vol.
1179 2779 1340 2855 Xlllelissc.
1353 2780 1398 2832 lll.

239 2881 261 2930 p·
273 2863 444 2933 iss-473).
463 2894 492 2904 —
534 2865 576 2917 6⁰.
595 2868 740 2929 tremene
756 2867 940 2927 bysanttniscber
962 2868 1098 2929 Tieotopie:
1120 2867 1139 2916 l.
1157 2866 1268 2916 Niltolaos
1291 2866 1395 2915 Kabasi-

240 2953 277 2999 iac
301 2951 366 3018 (rid.
386 2953 546 3014 Tbeoiopiscie
563 2954 661 3002 Studien
677 2953 727 3001 und
744 2953 859 3001 Kritilten.
879 2949 950 3002 1843.
976 2968 1000 3017 p.
1013 2949 1059 3002 7⁴21
1072 2947 1184 3016 -7ic).
1203 2975 1235 2988 -
1269 2947 1310 3001 70.
1329 2951 1394 2999 diar-

240 3050 276 3084 cas
286 3039 418 3100 Eupenieus
434 3039 489 3086 iter
500 3039 538 3087 die
550 3039 688 3087 moratiscie
700 3038 826 3088 Sciwdcie
841 3038 881 3086 des
896 3037 1025 3086 liensclsen.
1059 3039 1108 3086 ius
1123 3037 1165 3084 der
1178 3035 1305 3084 lirincliner
1311 3034 1395 3084 liund-

240 3121 314 3182 sclritt
329 3119 380 3171 495
399 3136 454 3171 sum
470 3127 544 3172 ersten
560 3125 623 3172 nate
639 3124 688 3172 und
705 3126 748 3171 mit
764 3122 942 3184 nnmeriunpen
965 3121 1157 3183 inauspepeien.
1183 3117 1245 3185 (vid.
1265 3119 1396 3182 zeitschrift

240 3205 275 3263 ier
297 3209 336 3256 die
360 3208 494 3257 unedone
509 3209 636 3271 Theoiopis.
656 3206 727 3260 teti.
754 3206 875 3256 FasciV.
901 3222 926 3271 p.
940 3201 971 3255 l‘.)
985 3202 1081 3271 -i'd)·
1098 3230 1132 3240 -
1174 3205 1216 3254 80.
1246 3202 1393 3253 Dissertatio

241 3272 393 3358 theologiis,
410 3308 458 3358 qua
475 3291 632 3358 disputatur,
650 3291 682 3340 nd
700 3308 820 3358 quosaam
837 3289 961 3358 pertineat
980 3287 1111 3356 promissio
1129 3287 1235 3356 Spiritus
1253 3288 1334 3338 sancti
1348 3305 1392 3338 se-

243 3375 341 3425 candum
366 3376 434 3426 Novi
451 3375 569 3426 Foederis
586 3375 734 3426 doctrinam.
770 3379 837 3426 inest
860 3373 1000 3443 disquisitio
1029 3373 1178 3441 philologiae
1205 3373 1237 3424 de
1254 3373 1393 3425 Paracleto.

241 3463 455 3512 amissisemus
472 3465 603 3512 marimum
618 3467 711 3524 partem
726 3465 857 3524 palristico.
883 3459 1001 3510 Basileae.
1027 3458 1106 3528 Typis
1125 3469 1150 3509 et
1166 3457 1285 3527 impensis
1297 3458 1393 3510 biblio·

243 3542 296 3606 polii
306 3546 581 3614 Schweighaeuseriani.
595 3546 779 3596 nncccxat.
794 3549 836 3598 8⁰.
856 3573 887 3584 -
913 3544 955 3596 9⁰.
974 3549 1040 3596 Eliae
1055 3547 1213 3608 Metropolitae
1231 3547 1312 3596 Cretae
1323 3547 1392 3596 Gom-

241 3634 342 3681 marii
358 3635 384 3682 in
403 3635 429 3684 S.
449 3635 555 3695 Greporr'i
570 3635 712 3683 Noeianzem'
729 3635 850 3683 Orationes
865 3633 929 3683 XIX.
947 3636 966 3684 Ε
982 3634 1060 3685 codice
1076 3646 1120 3682 ms.
1136 3633 1264 3682 Basilenui
1280 3635 1394 3694 eccemrit

242 3717 259 3759 tl
273 3720 443 3767 annotationem
460 3732 514 3766 cum
528 3721 553 3767 in
566 3719 632 3767 Elias
646 3718 828 3768 Commentarios
845 3723 895 3768 tom
911 3721 937 3769 in
954 3721 980 3770 S.
996 3722 1101 3782 Greporii
1118 3719 1240 3770 Orationes
1254 3719 1311 3768 xix
1325 3719 1393 3768 odie-

242 3800 268 3844 αἳ
282 3803 307 3850 Δ.
324 3803 342 3852 l.
377 3804 495 3852 Accedunt
511 3805 596 3853 Basilii
614 3805 759 3865 aliorumque
775 3805 869 3854 Scholia
888 3807 913 3855 in
939 3807 965 3855 S.
984 3807 1089 3868 Gregorii
1115 3805 1253 3864 Orationes,
1276 3803 1393 3854 ecodici·

243 3883 278 3930 lus
300 3886 478 3937 ttonacensibus
503 3893 620 3950 excerpta.
661 3890 764 3954 (Patrai.
783 3893 822 3939 Gr.
847 3891 884 3939 ed.
909 3891 987 3951 ltipnc
1004 3890 1034 3940 T.
1046 3889 1172 3938 XXXVI.
1186 3911 1220 3932 =
1240 3889 1266 3939 S.
1285 3891 1394 3950 Gregorii

242 3965 291 4017 tae
317 3973 378 4034 ορρ.
404 3975 484 4022 omns
508 3959 545 4022 'ea
563 3975 640 4036 nme
664 3975 738 4024 nu.
774 3972 879 4024 nance.
898 3971 1116 4039 uncccnrnr.)
1138 3999 1167 4011 -
1204 3974 1259 4024 10⁰.
1279 3975 1389 4040 symco-

242 4046 272 4098 lu
289 4055 382 4105 corrtuli
399 4055 430 4106 ad
448 4055 514 4106 hunc
530 4055 634 4117 librum,
661 4057 754 4108 editum
771 4077 785 4108 a
804 4059 858 4109 viro
875 4057 1040 4114 amicissimo.
1067 4057 1134 4106 cuius
1152 4055 1296 4108 memorium
1323 4056 1391 4108 nulla

244 4149 340 4202 “nquam
364 4140 458 4191 oblivio
485 4159 515 4190 ex
538 4140 622 4193 soimo
639 4161 695 4194 meo
712 4143 819 4194 delebit:
850 4147 876 4195 S.
895 4146 1000 4208 dreporii
1018 4146 1127 4207 Episcopi
1144 4146 1241 4206 Npssent
1258 4144 1287 4192 de
1304 4145 1390 4192 Anima

242 4225 260 4265 tl
274 4223 441 4276 immutare
467 4242 520 4277 cum
544 4243 623 4278 soron
648 4245 693 4279 suo
710 4233 818 4280 iiccrina
834 4232 956 4294 ltialopru.
991 4228 1034 4278 Gr.
1053 4237 1081 4278 et
1108 4227 1161 4278 Lat.
1182 4228 1220 4278 nd
1238 4227 1310 4278 codd.
1332 4243 1388 4276 ross.

245 4300 309 4355 idern
326 4328 374 4361 rec.
393 4322 420 4360 et
436 4311 524 4361 illustr.
544 4315 580 4364 lo.
597 4315 689 4380 Georg.
707 4314 887 4381 Krabingerus,
906 4313 1074 4364 bibliothecae
1093 4313 1152 4381 lieg.
1172 4315 1270 4363 Monac.
1291 4311 1390 4361 Custos.

244 4385 342 4454 Lipsiae.
365 4396 617 4449 MDCCCXXXVH.
653 4402 679 4450 ln
698 4399 797 4450 libraria
817 4400 843 4450 C.
860 4399 986 4466 Wuttigii.
1005 4403 1046 4453 li⁰.
1065 4429 1097 4438 —
1136 4399 1189 4450 ll⁰.
1210 4400 1332 4448 tonantes
1357 4399 1389 4448 lt·

245 4477 317 4528 nm,
340 4492 365 4531 et
391 4485 561 4533 emendationes
585 4483 610 4532 in
635 4487 729 4535 [nubit
754 4487 963 4548 Praeparationem
987 4487 1095 4548 isanp,
1124 4503 1140 4535 s
1157 4501 1196 4534 me
1218 4481 1390 4548 suppeditatas

246 4555 406 4627 lleinicbenio,
423 4567 484 4618 Viro
497 4567 542 4626 Cl„
560 4569 662 4618 exhibet
674 4571 832 4637 Programma
844 4569 972 4637 Gymnasii
989 4570 1106 4621 Ziriccar.
1125 4567 1346 4620 Mncccxtt'tt.
1356 4596 1389 4610 -

246 4639 321 4710 lleque
345 4669 404 4702 vero
422 4655 466 4704 SS.
485 4655 570 4705 Patres
589 4654 712 4705 Ecclesiae
738 4654 835 4722 neglexi
860 4655 886 4704 in
904 4653 1004 4724 reliquis
1021 4655 1121 4725 scriptis
1139 4651 1288 4724 philologis,
1315 4672 1388 4707 eme

247 4725 323 4798 editis,
340 4753 402 4806 qaae
419 4749 502 4789 tameo
519 4739 562 4790 bic
579 4757 694 4793 enarmre
711 4739 814 4807 longam
829 4739 871 4790 sit.
