3650 5642
1269 582 1392 638 CXXVII

254 734 314 788 lianb
323 736 454 790 memibus
466 736 602 790 tribuerit?
619 736 657 789 dc
665 742 726 790 tunc
736 735 847 790 October
855 736 936 802 lissi,
947 733 1094 801 November
1101 736 1301 791 hisrahesuvsm
1307 738 1392 793 luerit.

254 820 295 872 Sed
303 820 372 875 huius
383 822 421 874 rei
432 828 536 891 praeter
547 822 721 875 coniecturum
733 820 797 875 nihil
808 820 944 877 habemus.

305 905 331 959 N.
342 924 404 959 xxv.
427 906 477 959 Τὸν
490 904 538 976 γὰρ
551 906 789 976 apsentissume]
824 908 913 961 Priore
929 910 972 973 τῆς
988 908 1110 977 supptices<
1126 923 1195 962 anno
1206 908 1337 961 neminem
1349 908 1393 961 sd-

253 1000 361 1045 rersstum
373 1008 431 1045 esse
440 990 543 1045 Christo
555 1008 639 1061 nsque
651 1008 741 1045 reram
753 998 805 1057 est,
816 1008 901 1062 noque
913 1008 946 1046 ex
959 992 1110 1063 Epiphsnli,
1120 995 1163 1047 rel
1174 1009 1264 1047 eorum
1276 993 1392 1046 omnium

253 1076 286 1143 qui
293 1076 334 1129 tris
341 1076 598 1147 duntaxatpascbata
607 1083 758 1141 numerant,
771 1077 892 1147 opinione
903 1077 1007 1131 detondi
1018 1085 1113 1147 potest,
1130 1084 1160 1131 nt
1170 1078 1204 1131 ud
1214 1094 1287 1134 num.
1295 1094 1392 1132 nrm.

253 1160 456 1227 denombabitur,
471 1163 515 1216 ubi
526 1178 594 1233 quse
605 1161 724 1217 hocloco
736 1162 856 1216 dicuntur
868 1161 1018 1233 diligentius
1029 1163 1185 1217 excudenda
1195 1170 1264 1219 eunt

252 1442 289 1508 llll
303 1444 410 1512 ANNO
428 1444 480 1512 ΕΤ
496 1444 564 1513 DIE
580 1446 806 1513 DOMINIOAE
822 1444 1033 1513 Passionis
1050 1446 1108 1513 AD
1124 1446 1327 1514 HAERESIN
1341 1449 1391 1517 LI.
1419 1498 1440 1537 ,s
1450 1485 1494 1526 ssa

614 1558 813 1625 DlATRlBA
833 1558 1007 1626 ALTERA.

341 1742 468 1797 viaria
484 1716 680 1799 emeccasis
698 1743 908 1799 susannense
925 1744 971 1797 on
989 1743 1080 1799 anno
1096 1742 1280 1799 sessionis.

301 1843 386 1900 Omnis
406 1860 474 1917 quae
491 1846 523 1899 de
539 1846 670 1917 eliquare
687 1846 831 1901 instituitur
845 1846 987 1917 disputetio
1003 1847 1081 1900 certis
1096 1862 1130 1899 ex
1146 1846 1224 1899 rebus
1235 1847 1394 1917 minimeque

249 1927 316 1982 dubiis
327 1930 404 1983 debet
415 1930 556 2001 proficisci3
573 1946 641 2001 quae
657 1936 703 1986 aut
717 1948 764 2003 per
775 1946 831 1985 seso
843 1932 916 2002 ipsae
926 1948 1004 1984 resae
1015 1932 1081 1997 sint,
1092 1938 1138 1985 aut
1148 1932 1217 1985 inter
1228 1948 1273 1985 sos
1285 1932 1330 2002 qui
1342 1933 1394 1985 dis·

249 2020 323 2081 putant
333 2032 378 2086 pro
387 2017 458 2069 veris
467 2032 497 2069 ac
505 2016 630 2086 professis
639 2016 792 2072 habeantur.
811 2016 988 2081 Quamobrem
998 2017 1142 2087 quiveram
1153 2018 1284 2087 passionis
1296 2034 1395 2071 annom

248 2097 352 2168 indagaro
368 2100 489 2165 student,
505 2102 631 2172 imprimis
649 2118 681 2157 ea
697 2116 808 2172 quorum
825 2108 896 2155 certe
913 2103 949 2155 sit
958 2101 1023 2155 fides
1041 2103 1137 2173 eligere
1152 2103 1260 2168 debent,
1278 2118 1308 2155 ac
1323 2104 1394 2173 prln·

249 2182 355 2251 cipiornnr
372 2186 429 2239 sire
447 2184 592 2256 ἀξιωμάτων
609 2188 667 2241 loco
683 2202 787 2258 ponere.
822 2188 860 2241 Ae
876 2192 939 2241 snut
954 2188 1081 2241 nonnulle
1096 2188 1235 2257 dequibus
1247 2186 1393 2241 Ohrlstisno

250 2266 347 2324 dubitare
358 2270 435 2325 naias
445 2272 551 2325 omnino
559 2272 685 2337 rideatur,
698 2272 842 2327 cuiusmodi
853 2273 905 2326 ists
916 2278 990 2338 sunt,
1001 2272 1052 2325 sub
1060 2273 1163 2326 'liberio
1173 2272 1285 2326 Caesam
1295 2289 1326 2326 sc
1334 2287 1394 2343 pro-

248 2362 346 2409 curatore
357 2356 452 2411 Pontio
463 2356 547 2410 Pilato
558 2372 667 2427 passum
678 2374 749 2421 esse;
766 2364 823 2411 tum
833 2374 894 2411 roro
911 2372 1053 2428 parasceve
1069 2358 1185 2423 sabbati,
1201 2359 1257 2411 slve
1273 2358 1339 2411 ieris
1349 2376 1394 2423 ra,

249 2446 281 2489 rut
321 2441 384 2510 qnid
394 2441 467 2495 uliud
478 2448 531 2507 est,
549 2442 618 2511 quod
635 2458 768 2497 sacrorum
778 2442 904 2497 librorum
922 2443 1063 2497 auotoritas
1079 2442 1224 2495 confirmat.
1259 2441 1359 2506 Quibus
1371 2444 1394 2495 si

248 2527 343 2579 contenti
352 2526 448 2580 eruditi
455 2525 574 2581 homines
582 2528 696 2582 fuissent
711 2544 796 2598 usqne
807 2528 862 2581 suis
873 2544 923 2581 nos
931 2528 1099 2598 opinionibus
1114 2543 1145 2580 ao
1158 2529 1325 2593 coniecturis,
1336 2533 1395 2581 tan·

249 2622 309 2675 qoam
320 2613 465 2683 scripturae
476 2617 522 2665 ant
533 2614 658 2667 ecclesiae
675 2612 796 2677 decretis,
813 2612 1028 2678 adstrinxissent,
1043 2613 1128 2666 multo
1144 2619 1172 2666 et
1181 2614 1285 2668 veritati
1300 2614 1394 2667 melius

248 2698 266 2743 et
274 2698 415 2763 posteritati
426 2698 625 2751 consuluissent
648 2698 700 2751 Sed
712 2704 752 2751 eet
763 2714 846 2768 genus
857 2696 1007 2763 hominum,
1024 2700 1069 2769 qui
1086 2714 1118 2751 ea
1134 2714 1201 2769 quae
1214 2714 1343 2752 consensu
1356 2714 1395 2752 rc·

248 2786 306 2847 opta
316 2783 390 2853 vulgi
402 2787 429 2835 et
440 2783 540 2853 aliquot
551 2782 645 2837 abhinc
656 2783 767 2837 saeculis
779 2784 947 2837 autoritatem
957 2789 1035 2837 nocta
1051 2800 1105 2837 non
1120 2784 1199 2837 nimis
1215 2790 1305 2839 vetera
1315 2801 1345 2838 sc
1357 2784 1395 2837 di·

248 2862 340 2931 ligenter
357 2883 473 2921 excussa
489 2874 562 2933 sunt,
584 2868 674 2921 timide
691 2868 769 2921 nimis
787 2868 984 2933 deosculantur,
1003 2884 1035 2921 ac
1053 2870 1241 2940 propemodum
1260 2870 1395 2934 senihter,

248 2962 372 3022 torumque
383 2952 464 3007 fidem
476 2958 503 3007 et
513 2954 692 3007 assensionem
704 2954 737 3007 sb
751 2954 840 3007 inritis
855 2954 1002 3024 exprimere
1017 2968 1049 3007 ao
1063 2970 1111 3025 pro
1127 2956 1251 3008 ecelesiae
1267 2955 1396 3025 dogmati·

248 3032 285 3086 bos
295 3044 422 3091 conantur
433 3038 578 3093 obtrudere.
602 3037 719 3103 Quorum
736 3044 777 3092 est
793 3039 897 3109 quidem
909 3036 958 3092 hac
969 3040 997 3091 in
1007 3044 1082 3108 parte
1093 3039 1329 3093 commendandum
1340 3046 1395 3092 stu-

248 3116 315 3185 dium,
328 3123 470 3191 quodcum
482 3124 509 3177 in
521 3140 552 3177 ea
563 3128 681 3194 tempora
691 3124 872 3188 inciderimus,
884 3124 979 3193 quibus
990 3138 1089 3193 magna
1100 3130 1140 3177 est
1149 3125 1273 3177 noritstls
1284 3124 1395 3178 homini·

249 3202 285 3256 bns
299 3207 394 3261 iniecta
411 3208 550 3279 cupiditas,
568 3224 602 3262 ne
619 3207 651 3261 ad
668 3208 801 3278 religionis
818 3208 931 3278 fidelque
947 3208 1071 3261 damnum
1088 3210 1207 3278 publices
1222 3210 1396 3263 illeinsaniee

247 3292 337 3345 norbae
349 3299 510 3363 erumperet,
526 3295 554 3347 in
570 3308 629 3347 eam
643 3299 745 3365 partem
760 3306 868 3364 poocsre
878 3294 1028 3345 maluerunt
1038 3308 1106 3363 quae
1118 3300 1159 3346 est
1169 3294 1276 3348 cautior.
1298 3295 1396 3348 Verum

248 3376 276 3425 ali
285 3378 324 3445 pio
336 3378 439 3431 bomini
450 3394 480 3431 ao
493 3377 620 3433 ostholico
631 3394 730 3448 magna
740 3384 781 3432 est
791 3378 929 3432 vementis
939 3376 1059 3432 habenda
1073 3379 1151 3444 ratio,
1167 3380 1196 3433 in
1210 3380 1244 3433 iis
1255 3394 1317 3432 vero
1328 3394 1396 3448 quae

248 3460 272 3511 sb
281 3464 390 3517 ecclesia
400 3465 501 3517 sancita
512 3469 587 3529 sunt,
598 3480 631 3517 ne
640 3464 770 3517 levissime
779 3463 884 3533 quidem
893 3462 1020 3517 haesitare
1031 3464 1104 3527 licet,
1114 3464 1153 3517 ita
1162 3480 1322 3535 magnopere
1331 3465 1396 3518 illud

248 3548 391 3613 carendum,
408 3565 442 3602 ne
458 3550 648 3619 pressioribus
665 3554 692 3602 et
708 3549 878 3603 saerosanctis
895 3546 1040 3603 habeantur
1055 3548 1102 3602 illa
1118 3564 1186 3620 quae
1200 3550 1290 3621 paucis
1301 3548 1395 3603 abhinc

248 3634 343 3687 saeculis
355 3634 519 3699 emerserint,
535 3650 600 3688 neve
617 3634 651 3687 ad
666 3634 789 3688 salsitatis
804 3634 977 3705 patrocinium
994 3636 1141 3704 speciosum
1155 3635 1219 3689 illud
1230 3636 1355 3689 acclesiae
1364 3650 1396 3689 ao

248 3718 351 3781 publicae
362 3720 543 3773 consensionis
554 3733 652 3773 nomen
663 3720 842 3774 transferatur.
878 3719 963 3784 Quam
979 3718 1085 3789 quidem
1101 3721 1290 3775 ecclesiasticos
1300 3722 1397 3775 sutori-

248 3802 295 3853 tatis
305 3804 493 3859 adscribendos
503 3806 636 3859 licentiam
648 3820 708 3859 oum
719 3806 746 3859 in
759 3806 816 3859 sllls
827 3806 935 3875 impune
944 3809 1086 3871 romaum,
1102 3810 1161 3859 tum
1171 3806 1200 3859 in
1210 3822 1243 3859 sa
1253 3822 1334 3876 quam
1343 3812 1396 3860 trs·

249 3890 333 3942 turnus
351 3890 448 3943 natalis
466 3906 496 3943 ac
512 3890 643 3961 passionis
660 3890 804 3944 dominicae
821 3890 974 3960 quaestione
990 3895 1138 3960 mertam
1157 3890 1397 3945 animadvertimus.

248 3966 270 4021 ln
284 3989 333 4041 qua
349 3975 462 4045 plurima
472 3976 544 4028 velut
560 3990 594 4029 ex
611 3976 744 4029 communi
760 3975 885 4029 ecclesias
901 3975 1054 4047 deprompta
1063 3974 1117 4031 tide
1131 3975 1223 4030 iactari
1233 3976 1320 4032 soleat
1330 3990 1397 4046 quac

249 4064 282 4107 ant
291 4058 358 4111 iales
369 4064 432 4113 sunt
443 4064 488 4113 aut
497 4060 624 4115 lslsorum
635 4060 775 4113 simillima.

302 4142 340 4197 Ne
350 4145 430 4214 longe
442 4146 563 4215 exempla
572 4151 733 4215 repetamus,
749 4151 867 4199 occurret
881 4144 968 4199 Bodas
983 4146 1143 4199 malissimi
1153 4144 1265 4201 hominis
1276 4152 1303 4199 ot
1312 4144 1396 4198 erudi·

249 4226 330 4281 tissimi
340 4229 473 4283 decretum
484 4229 561 4294 illud,
578 4229 648 4299 quod
662 4231 690 4283 in
701 4228 769 4283 hunc
781 4231 867 4283 locum
879 4230 1034 4284 distulimus.
1068 4232 1117 4283 llic
1126 4232 1208 4301 igitur
1218 4246 1273 4301 cap.
1282 4243 1326 4283 ιι..
1336 4229 1397 4281 libri

249 4308 437 4385 de'lemporum
447 4314 570 4379 hacne,
587 4314 618 4367 de
635 4320 720 4368 astam
737 4330 767 4367 sc
783 4316 904 4385 passione
916 4314 1014 4369 domini
1024 4316 1052 4368 in
1063 4314 1128 4370 haec
1138 4314 1396 4387 verbsprouunciat:

250 4393 322 4451 liutet
331 4404 398 4453 esim
408 4402 557 4469 nisisnllor,
573 4400 697 4453 ecclesus
702 4402 783 4469 fides,
800 4402 923 4453 domim
939 4403 969 4452 is
984 4418 1064 4453 came
1071 4404 1153 4471 poeto
1159 4402 1221 4469 plus
1230 4404 1313 4452 ssisss
1321 4416 1398 4467 peaes
1423 4428 1445 4468 ῃ,
1454 4416 1499 4458 sss.

250 4494 321 4539 mm
333 4488 410 4537 nand
419 4502 495 4554 capos
506 4487 543 4539 ad
553 4503 615 4539 reas
627 4496 741 4556 tcmpom
748 4490 880 4555 parionis
890 4489 997 4547 οὰίοοο,
1007 4488 1070 4554 quic
1080 4488 1201 4539 videlicet
1209 4502 1264 4537 m
1275 4500 1397 4537 oenones

246 4566 314 4627 heis
323 4568 479 4639 baptizatas,
496 4574 564 4625 sicet
577 4573 734 4640 conspoliata
750 4570 838 4623 Lacus
854 4578 968 4633 testatur,
985 4578 1010 4622 ct
1026 4580 1078 4622 ονοο
1094 4574 1169 4623 semis
1184 4586 1266 4622 osseo
1277 4580 1337 4637 post
1351 4570 1393 4622 hc·

249 4658 329 4715 pirosa
344 4658 549 4724 praedicaverit.
583 4656 695 4710 Subiiclt
712 4655 817 4709 deludes
843 4655 942 4709 Sancta
956 4656 1079 4723 siquidem
1089 4656 1209 4707 emsa
1220 4663 1246 4707 et
1254 4656 1397 4725 apostolico

251 4740 346 4791 coeleste
359 4739 427 4793 hauc
438 4758 465 4793 οο
470 4744 549 4809 fidem
561 4750 643 4795 terim
654 4750 680 4795 st
689 4745 755 4812 ipsis
766 4750 874 4794 motas·
883 4742 1018 4805 indiculis,
1029 4758 1094 4811 qsos
1104 4744 1158 4792 οοῐο
1165 4743 1193 4791 ts
1206 4744 1288 4793 οονοϊο
1298 4758 1397 4795 cosso·

252 4824 283 4873 t's
295 4826 432 4878 inscribere
442 4828 515 4890 salet,
526 4826 571 4879 ahs'
579 4835 673 4897 tempos
682 4830 825 4879 domitores
829 4828 996 4895 porcianistis
1004 4830 1151 4881 amosias·
1158 4827 1263 4896 populis
1272 4844 1398 4880 οοοοοοοο
