3650 5642
467 608 550 668 CXVI

466 784 574 837 samam
587 782 707 820 caesurae.
743 764 800 829 Quo
816 762 881 818 nihil
895 780 956 819 cum
972 766 1006 819 ab
1017 764 1155 836 EpIphanii
1170 780 1262 830 senen,
1278 771 1334 819 tum
1351 779 1369 816 a
1380 764 1489 818 raritate
1503 765 1555 835 ipsa
1566 763 1604 816 dici

467 852 575 905 alienius
587 856 681 923 potest
704 850 779 905 Anno
792 848 869 903 Urbis
882 848 953 917 691,
965 850 1089 905 Cicerone
1100 856 1127 903 et
1135 851 1247 904 Antonio
1259 867 1342 915 coss,
1352 850 1470 922 primunr
1479 867 1496 904 a
1505 850 1604 919 Pompeio

466 938 592 990 tributum
609 936 710 989 Iudaeis
727 936 880 1006 impositum
897 941 951 1001 est,
971 953 988 989 a
1008 952 1060 1006 quo
1081 940 1198 1006 tempore
1215 935 1249 989 ad
1264 936 1394 1006 Antipatri
1412 934 1605 1007 procurationem

466 1038 534 1093 quae
545 1038 614 1075 anne
626 1021 685 1076 707.
698 1022 795 1093 coepit,
807 1022 869 1075 anni
881 1027 944 1075 sunt
954 1038 1007 1075 non
1018 1022 1106 1091 plnres
1118 1039 1183 1087 nvn,
1196 1020 1292 1075 nedum
1302 1037 1397 1075 norem
1408 1027 1438 1075 et
1447 1021 1545 1091 ulgiuti.
1568 1020 1606 1072 lie

465 1107 527 1161 rode
544 1106 649 1178 quidem
666 1124 752 1161 rerum
769 1108 884 1179 potiente
899 1108 1026 1161 tributum
1037 1107 1121 1161 ullum
1131 1108 1226 1159 saltem
1236 1106 1395 1161 ordinarium
1411 1112 1533 1159 exactum
1544 1105 1607 1157 inim

465 1208 550 1261 neque
559 1209 650 1248 rerum
662 1192 780 1259 arbitror,
791 1208 838 1246 nec
851 1192 906 1246 eius
917 1193 1078 1246 mentionem
1085 1193 1128 1246 rel
1138 1193 1215 1246 ittera
1226 1208 1278 1245 uua
1285 1191 1369 1245 Lucas
1376 1192 1475 1262 attigit
1491 1190 1545 1244 Neu
1553 1190 1608 1242 euin

466 1274 651 1348 ἀπογράφεσθαι
659 1280 730 1333 idem
738 1279 808 1333 valet
816 1292 847 1331 ac
856 1294 963 1331 censum
971 1279 1013 1332 vel
1021 1278 1148 1332 tributum
1157 1278 1265 1342 solvere,
1277 1283 1330 1342 aut,
1340 1277 1365 1329 ai
1375 1276 1448 1329 istud
1456 1274 1608 1347 ipsumsigni

464 1362 565 1429 ficeret,
582 1364 669 1417 statim
687 1364 718 1417 de
733 1364 862 1417 ordinaria
872 1364 1047 1434 pensitatione
1057 1364 1144 1434 potius
1156 1362 1356 1433 intelligendum
1365 1362 1499 1415 rideretur
1508 1358 1609 1431 quemad

466 1449 697 1502 extraordinariam
708 1448 880 1502 referendum.
905 1448 958 1501 Sed
968 1465 1017 1503 nec
1028 1448 1092 1503 illud
1103 1448 1198 1519 probo,
1213 1448 1283 1519 qnod
1293 1448 1389 1501 ibidem
1400 1447 1553 1518 disputatur,
1566 1461 1610 1514 pro

464 1540 553 1604 pterea
563 1535 675 1605 primam
690 1534 763 1587 illam
779 1532 913 1597 aQuirino
929 1536 1079 1589 censIonem
1093 1535 1241 1587 institutam
1258 1533 1320 1599 dici,
1339 1532 1409 1603 qnod
1424 1532 1541 1586 Romano
1554 1546 1610 1583 marr

465 1621 555 1689 qulnto
565 1636 668 1691 quoque
678 1634 747 1673 anno
757 1635 850 1672 census
858 1618 1005 1673 haberetur.
1021 1619 1090 1673 Nam
1101 1635 1149 1673 nec
1159 1618 1225 1672 illud
1232 1624 1358 1690 perpetuo
1369 1620 1465 1685 tenuit,
1476 1623 1507 1671 ut
1517 1617 1610 1687 quinque

465 1707 540 1759 annis
558 1705 717 1759 vertentibus
734 1720 828 1757 census
845 1710 974 1774 ageretur,
991 1710 1018 1758 et
1034 1706 1113 1759 aliam
1131 1720 1252 1757 caussam
1267 1721 1326 1757 esse
1339 1704 1512 1757 manifestum
1528 1711 1572 1763 ert,
1586 1698 1610 1750 oh

465 1808 544 1861 quam
555 1792 640 1861 prima
650 1789 715 1843 haec
726 1791 760 1843 sit
772 1790 900 1860 appellata
912 1790 1061 1861 descriptio,
1072 1790 1193 1843 uidelicet
1208 1789 1278 1860 quod
1294 1790 1375 1843 altera
1390 1794 1455 1859 post
1462 1786 1574 1843 Archelai
1582 1799 1611 1836 re

463 1877 623 1947 legationem
635 1875 719 1929 eidem
732 1874 838 1938 Quidue
850 1875 974 1929 mandatu
984 1876 1070 1930 luerit.
1093 1875 1133 1928 De
1150 1891 1202 1945 qua
1216 1892 1245 1928 re
1255 1874 1315 1928 ride
1327 1890 1394 1945 qnae
1404 1873 1533 1928 DekerIus
1542 1881 1612 1925 noster

465 1967 491 2014 et
501 1961 626 2031 Keplerus
644 1961 741 2014 erudite
757 1962 926 2014 commentati
940 1966 1010 2016 sunt.
1034 1960 1126 2032 Neque
1141 1962 1213 2014 euim
1228 1961 1360 2014 censionis
1373 1959 1455 2015 huius
1471 1956 1611 2031 epiphanus

464 2046 594 2111 meminit,
607 2051 636 2098 ut
647 2061 705 2099 eam
717 2045 793 2099 nohis
805 2046 985 2116 quaestionem
996 2046 1128 2116 explicare
1139 2062 1246 2100 necesse
1258 2046 1299 2099 sit

531 2132 616 2201 Atque
633 2136 663 2183 ut
679 2130 746 2185 hanc
763 2131 795 2184 de
811 2130 922 2186 Herodis
939 2131 1014 2184 aunis
1031 2130 1234 2203 disputatIonem
1254 2130 1394 2201 allquaudo
1413 2124 1612 2190 concludamtl

465 2216 534 2287 quod
551 2216 696 2289 Epiphanio
714 2218 811 2288 placet,
829 2216 1014 2283 vm.1d.lan.,
1033 2233 1085 2287 quo
1101 2218 1141 2270 die
1153 2222 1230 2270 natus
1242 2222 1283 2269 est
1294 2214 1423 2281 Christus,
1443 2232 1514 2269 anno
1530 2214 1612 2267 Iuliano

464 2321 550 2368 xtra,
566 2302 680 2357 Herodes
699 2318 797 2355 aunum
809 2303 905 2373 egebat
916 2302 1018 2372 imperii
1029 2320 1136 2368 xxxm„
1154 2303 1211 2355 eius
1222 2301 1327 2354 Initium
1337 2302 1365 2355 in
1376 2301 1511 2355 Iulianum
1522 2317 1555 2353 rr.
1564 2312 1612 2349 ceu·

464 2388 548 2454 venit,
564 2387 668 2441 biennio
680 2387 777 2441 tardius
790 2402 870 2458 quam
881 2386 990 2441 historia
1000 2388 1127 2459 postulat,
1145 2402 1213 2457 quae
1229 2387 1341 2441 alterum
1351 2386 1463 2440 Herodis
1474 2386 1572 2440 Initium
1581 2382 1612 2433 lu·

463 2473 533 2526 liano
545 2491 582 2528 rx.
595 2473 719 2527 accidisse
737 2472 887 2537 coufirmat,
904 2488 922 2524 a
939 2489 990 2542 quo
1007 2488 1068 2526 cum
1083 2472 1209 2543 Iosephus
1221 2490 1303 2527 mre
1315 2472 1444 2525 duntaxat
1455 2488 1539 2525 annos
1548 2470 1612 2523 liere-

379 2606 385 2620 ,
432 2608 437 2621 ,
464 2558 524 2611 dem
531 2558 630 2611 vixisse
642 2563 740 2622 narret,
752 2556 912 2627 Epiphanius
925 2558 990 2611 libro
999 2577 1018 2614 ι.
1028 2576 1057 2612 ιι.
1069 2564 1169 2628 septem
1180 2564 1207 2611 et
1217 2559 1325 2629 trIginta
1333 2557 1450 2622 deducit,
1462 2558 1556 2628 quibus
1565 2552 1613 2606 totis

463 2660 588 2712 regnasse
599 2648 660 2713 post
672 2644 784 2713 primunr
796 2642 928 2696 decretum
940 2642 1039 2708 dicitnr,
1057 2660 1118 2697 cum
1133 2642 1226 2697 horum
1242 2643 1398 2715 principium
1413 2642 1542 2697 aInliano
1552 2643 1613 2692 sexto

463 2729 545 2799 repeti
557 2726 658 2783 debeat
683 2726 811 2791 Quocirca
823 2733 935 2781 mortem
945 2728 1054 2783 Herodis
1066 2728 1167 2782 confert
1176 2730 1206 2782 iu
1217 2746 1316 2782 anuum
1327 2728 1457 2782 lulianum
1468 2746 1557 2789 sarm,
1566 2738 1614 2776 eun

464 2813 585 2866 dominus
598 2818 720 2883 quartum
731 2814 784 2866 iam
796 2828 894 2866 annum
906 2814 1000 2867 aetatis
1013 2814 1151 2883 attigisset
1169 2813 1223 2867 Sed
1234 2814 1327 2867 eivera
1337 2818 1413 2879 suut,
1424 2830 1494 2884 qnae
1504 2808 1614 2881 Iosephus

464 2898 496 2951 de
507 2898 609 2953 Herode
620 2898 783 2969 perscripsit,
795 2914 902 2951 necesse
915 2902 955 2950 est
965 2903 996 2951 nt
1006 2897 1106 2952 Iulimo
1118 2916 1183 2956 san.
1197 2899 1348 2964 decesserit,
1363 2898 1471 2952 undeet
1482 2897 1582 2958 naam,
1591 2901 1614 2945 at

464 2984 591 3049 diximus,
603 2984 702 3037 domini
713 2984 875 3053 quatuorrel
887 2983 1001 3053 quinque
1013 2985 1089 3037 anuis
1102 2984 1300 3037 antevertendns
1312 2984 1367 3038 erit
1386 2982 1459 3047 Quae
1468 2983 1614 3055 quidemnos

462 3068 580 3122 nondum
591 3086 625 3122 ex
638 3070 759 3140 opinione
771 3074 862 3122 nostra
873 3069 1028 3135 constituta,
1046 3069 1092 3123 sed
1109 3086 1142 3123 ex
1154 3069 1259 3140 Iosephi
1269 3075 1357 3123 mento
1368 3075 1446 3139 atque
1457 3068 1564 3123 hlutoria
1573 3064 1615 3117 col·

462 3156 530 3209 lecta
540 3154 630 3209 haberi
641 3172 657 3208 a
668 3156 807 3209 lectoribus
820 3154 984 3226 expendique
994 3156 1125 3209 uolumus.
1148 3154 1274 3225 Superest
1284 3162 1315 3208 ut
1324 3154 1359 3208 de
1369 3156 1484 3225 Augusti
1495 3170 1569 3217 anno,
1579 3148 1617 3218 qui

463 3242 580 3295 astallus
592 3241 688 3296 natalis
700 3241 824 3296 dominici
836 3240 968 3295 character
979 3241 1012 3294 ab
1023 3240 1170 3312 Epiphanio
1182 3241 1290 3306 allatus,
1301 3241 1484 3311 perstringam

655 3394 768 3460 QUOTO
786 3394 937 3449 AUGUSTI
952 3394 1045 3448 ANNO
1063 3393 1175 3448 NATUS
1192 3393 1247 3447 Sl'l'
1263 3393 1438 3449 CHRISTUS.

531 3499 605 3551 Anno
624 3498 789 3567 Imperatoris
807 3498 922 3566 Augusti
937 3514 1001 3549 xuu.
1019 3502 1112 3550 natum
1133 3512 1191 3550 esse
1208 3494 1340 3550 Uhristum
1356 3501 1445 3549 censet
1459 3495 1615 3569 Epiphanius.

464 3597 542 3649 quem
559 3598 658 3634 annum
675 3598 709 3634 ex
727 3598 778 3651 quo
795 3580 883 3634 ludaei
898 3580 1018 3634 Romano
1033 3582 1143 3651 imperio
1160 3582 1292 3635 subiuncti
1308 3588 1370 3635 sunt
1381 3600 1454 3637 xxrx.
1466 3582 1548 3635 fnisse
1558 3578 1617 3631 dicit

462 3666 524 3718 'Iria
534 3666 699 3735 potissimum
711 3666 825 3735 Augusti
837 3666 1032 3719 constituuntur
1042 3667 1125 3719 initia.
1147 3666 1263 3720 Primum
1279 3668 1313 3720 ab
1329 3668 1387 3737 lpse
1401 3676 1535 3738 anno'quo
1545 3665 1617 3718 lulius

463 3750 559 3803 Caesar
569 3750 721 3803 interiectus
734 3756 784 3814 est,
797 3751 843 3820 qui
854 3756 894 3804 est
905 3749 983 3803 Urbis
991 3751 1059 3816 710,
1070 3750 1186 3805 lulianus
1198 3752 1223 3805 2.
1246 3752 1363 3805 Alterum
1375 3754 1408 3805 ab
1420 3769 1490 3807 anno
1501 3748 1617 3822 sequenti,

463 3832 538 3888 Urbis
551 3834 610 3887 Ill.
633 3835 750 3889 Tertium
762 3836 795 3887 ab
807 3836 915 3889 Actiaca
924 3836 1046 3901 victoria,
1064 3837 1119 3889 alre
1131 3852 1148 3889 a
1158 3837 1183 3892 2.
1192 3836 1265 3907 Sept
1276 3853 1345 3890 anno
1357 3836 1435 3890 Urbis
1444 3836 1516 3903 723„
1533 3844 1562 3889 ut
1574 3833 1617 3886 llio

462 3924 572 3973 testetur
586 3920 615 3973 in
627 3921 734 3974 exordio
746 3921 790 3974 lib.
801 3938 836 3976 nr.
860 3921 927 3974 Hinc
944 3921 1062 3974 disemus
1079 3921 1113 3974 ad
1130 3920 1226 3974 Christi
1240 3911 1355 3976 natalem
1370 3939 1499 3976 annorum
1514 3916 1617 3990 Augusti

462 4020 586 4058 numerus
599 4008 729 4060 statuitur.
753 4006 804 4060 Sed
816 4006 895 4075 rulgo
908 4023 972 4060 narr.
984 4007 1040 4059 eius
1053 4022 1122 4059 anno
1134 4012 1226 4060 natum
1238 4011 1297 4060 ¹esse
1310 4013 1398 4078 patres
1415 4008 1560 4073 affirmant,
1572 4004 1615 4057 au·

463 4091 565 4143 sobiam
576 4092 672 4162 secuti,
690 4093 735 4161 qni
746 4092 859 4162 idipsum
870 4090 970 4146 Euclea.
980 4090 1046 4145 Hiet.
1058 4092 1130 4145 libr.
1143 4108 1199 4161 cap.
1208 4110 1258 4158 ιι,
1274 4093 1339 4146 etin
1351 4092 1499 4158 Ghronicis,
1516 4090 1614 4161 scripsit

463 4176 538 4240 Quod
549 4180 637 4228 autern
655 4178 761 4230 annales
778 4177 947 4230 ecclesiastici
962 4176 1080 4242 hadent,
1098 4192 1143 4230 eos
1160 4176 1206 4246 qui
1220 4178 1248 4231 in
1266 4192 1364 4231 anuum
1375 4178 1489 4250 Augusti
1498 4196 1563 4232 xnus.
1577 4189 1615 4227 ne·

438 4270 441 4277 “
462 4263 542 4315 talem
562 4259 657 4314 Christi
673 4262 809 4315 conferunt
830 4262 863 4315 ab
879 4263 936 4331 ipso
954 4278 1022 4315 auno
1039 4278 1090 4331 quo
1106 4262 1188 4315 Iulius
1203 4249 1299 4315 Gae'sar
1313 4262 1465 4316 interfectus
1479 4268 1521 4317 est
1542 4274 1613 4316 anuos

462 4347 587 4411 exordiri,
606 4346 684 4400 simul
701 4347 770 4415 quod
786 4347 951 4401 librariorum
968 4347 1046 4416 culpa
1062 4346 1161 4401 lactum
1177 4352 1283 4417 putant,
1301 4355 1330 4402 ut
1347 4365 1408 4402 cum
1424 4349 1552 4403 Ensequs
1565 4347 1614 4416 ipse

462 4448 531 4486 anno
543 4432 659 4484 Iulianae
670 4432 755 4498 neeis,
768 4432 812 4502 qni
825 4431 1112 4501 ostOlymp.cuxxx1r.
1125 4432 1236 4502 prImus,
1248 4433 1361 4503 Augusti
1370 4434 1504 4504 posuisset
1513 4433 1614 4490 tntum

462 4518 488 4569 id
499 4518 526 4571 iu
542 4522 695 4588 sequentem
711 4517 867 4571 translatum
881 4516 971 4582 fuerit,
988 4516 1206 4587 quemadmodum
1222 4524 1249 4571 et
1264 4520 1360 4573 natalis
1372 4518 1467 4573 Christi
1482 4520 1510 4573 iu
1526 4531 1613 4572 annun

462 4604 567 4656 tertIum
579 4602 681 4673 Olymp.
692 4616 793 4667 exera,
806 4618 866 4656 cnm
878 4602 993 4655 secunde
1005 4620 1038 4655 ex
1050 4608 1137 4655 mente
1149 4602 1253 4656 Eusebii
1265 4611 1403 4675 competat
1423 4604 1549 4659 Neutrum
1559 4598 1614 4656 mihi

462 4686 567 4755 quidem
578 4689 710 4757 probatur.
732 4686 862 4757 lmprImis
874 4687 945 4741 enim
956 4687 1024 4758 apud
1035 4687 1179 4741 Eusebium
1189 4688 1218 4741 in
1230 4688 1364 4744 edititione
1372 4690 1481 4745 Pontacl
1489 4684 1612 4743 Octauiani

461 4772 564 4824 initium
581 4773 703 4843 alitgatur
720 4788 789 4825 anno
807 4773 957 4826 aUaesaris
972 4788 1036 4826 nece
1052 4773 1187 4843 proximo,
1205 4774 1367 4845 Olympiadis
1384 4776 1511 4839 secundo,
1527 4772 1612 4829 natalis

461 4871 521 4910 vero
534 4854 628 4909 Christi
640 4872 709 4911 auno
722 4858 797 4911 tertio
810 4856 912 4928 Olymp.
924 4873 1025 4923 exeun,
1041 4858 1110 4927 quod
1122 4864 1149 4913 et
1158 4858 1288 4914 Pontacus
1298 4862 1356 4931 ipre
1365 4861 1407 4914 rit
1417 4858 1533 4915 eruditus
1544 4872 1610 4928 argu·
