3650 5642
448 590 553 671 cnxvr

448 770 518 824 illius
529 768 580 823 diei
591 768 690 823 cibaria
698 770 864 841 parabantur,
877 785 937 823 curu
948 769 1042 840 idipso
1053 769 1121 823 testo
1131 770 1220 825 liceret
1230 785 1316 840 agere.
1333 770 1432 824 Verum
1443 770 1506 841 quis
1518 770 1600 839 estqui

449 855 609 909 tolerabilem
617 854 684 909 hanc
692 854 814 925 loquendi
822 855 1015 925 tormampntet
1022 871 1093 919 esse,
1102 861 1133 909 ut
1140 872 1279 925 parasceve
1287 854 1418 926 paschatis
1426 856 1601 925 sitparascere

449 930 563 1005 sabbati,
574 940 601 993 iu
613 956 692 1010 quam
703 940 828 993 incideret
838 940 954 1011 pascha?
973 939 1089 993 Nimium
1100 938 1150 993 boo
1162 940 1303 994 absurdum
1314 946 1359 995 em
1383 940 1440 994 Sed
1451 945 1479 993 et
1489 940 1553 995 illud
1562 940 1601 993 tal·

448 1026 595 1089 sissimum,
609 1025 708 1095 primae
725 1025 776 1079 diei
791 1042 942 1094 azymorum
957 1029 1169 1095 caeterorumque
1184 1025 1312 1079 laetorum
1326 1042 1500 1095 parascevem
1515 1026 1602 1079 nubam

448 1112 543 1175 luisse,
555 1109 624 1179 qnod
636 1126 670 1163 ex
681 1110 857 1165 Hebraeorum
869 1110 971 1179 scriptis
983 1108 1016 1163 ab
1028 1110 1086 1163 aliia
1097 1110 1239 1165 refutatum
1249 1116 1299 1176 eat,
1315 1111 1387 1165 utin
1403 1128 1439 1165 eo
1455 1111 1603 1165 commorari

448 1196 513 1249 nihil
523 1196 558 1247 sit
568 1211 683 1249 necesse.
701 1195 748 1249 Eat
756 1195 819 1249 illud
828 1194 932 1265 quidem
941 1199 1010 1247 recte
1018 1194 1194 1249 ntundnan
1204 1197 1377 1261 observatum,
1388 1196 1466 1249 nulla
1472 1212 1603 1267 parasceve

449 1281 482 1334 ad
493 1280 565 1335 cibos
577 1281 604 1333 iu
612 1280 708 1335 testum
721 1280 788 1333 diem
799 1280 963 1351 apparandus
975 1296 1041 1350 opna
1051 1280 1145 1346 luisse,
1162 1282 1231 1351 quod
1247 1282 1274 1335 in
1290 1282 1354 1335 solia
1368 1282 1494 1335 sabbatis
1505 1296 1604 1351 coquere

449 1366 520 1419 cibos
531 1364 695 1419 interdictum
708 1372 790 1431 esset,
801 1366 890 1419 liceret
901 1365 929 1417 in
940 1366 1060 1430 escuris,
1071 1365 1100 1419 in
1111 1382 1163 1435 quo
1174 1366 1312 1437 plerosque
1319 1368 1389 1420 viros
1400 1366 1520 1421 eruditos
1531 1365 1603 1419 tabu·

449 1452 548 1504 cinatos
564 1466 622 1505 esse
638 1452 796 1505 monuimus.
831 1450 882 1503 Sed
899 1457 1002 1519 praeter
1018 1450 1116 1505 cibaria
1132 1456 1234 1505 constat
1250 1452 1302 1505 alia
1317 1451 1450 1521 quaedam
1467 1450 1605 1522 praeparari

449 1537 608 1605 oportuisse,
626 1552 691 1606 quae
708 1542 753 1589 aut
769 1536 868 1605 absque
885 1536 974 1589 servili
985 1552 1062 1607 opere
1073 1536 1200 1605 praestari
1210 1553 1264 1589 non
1275 1542 1397 1607 poseant,
1414 1536 1516 1591 autad
1532 1536 1603 1607 ipsius

448 1622 508 1675 sesti
520 1622 695 1675 celebritatem
706 1620 846 1675 ineundam
858 1622 985 1674 anteverti
996 1620 1126 1675 deberent.
1143 1620 1270 1685 Quocirca
1279 1620 1344 1675 nihil
1355 1624 1479 1693 estquod
1490 1621 1603 1674 adsersus

449 1712 501 1759 tam
514 1707 658 1761 evidentem
671 1706 774 1759 loannis
786 1706 951 1759 autoritatem
961 1706 1046 1775 possit
1060 1706 1154 1777 excipi,
1190 1706 1224 1759 dt
1234 1723 1295 1759 vero
1312 1722 1380 1776 quae
1397 1724 1433 1761 ex
1452 1707 1515 1761 aliia
1532 1706 1603 1757 tribus

449 1792 616 1862 evangelistis
629 1797 718 1844 contra
729 1789 795 1843 hanc
807 1790 956 1861 opinionem
967 1791 1136 1856 adducuntur,
1148 1791 1220 1845 nullo
1231 1793 1338 1861 negotio
1350 1793 1536 1846 conciliantur.
1558 1790 1602 1843 nrt-

448 1894 519 1931 mam
532 1878 601 1931 enim
612 1876 650 1931 illi
662 1876 729 1929 diem
740 1891 891 1945 azymorum
903 1880 999 1929 vocant
1014 1892 1072 1929 οιιιι
1088 1877 1199 1941 scilicet,
1215 1876 1289 1929 cuius
1304 1877 1332 1929 in
1343 1892 1486 1947 vesperam
1502 1874 1604 1947 paschae

449 1963 584 2015 celebritas
602 1968 628 2013 et
644 1977 795 2031 azymorum
811 1961 915 2015 initium
931 1962 1085 2025 incurreret,
1106 1962 1196 2031 utique
1212 1978 1246 2015 ex
1263 1962 1323 2031 lego
1338 1962 1525 2033 maiorumque
1540 1976 1603 2030 prae·

449 2048 557 2116 scripum
576 2046 645 2116 quod
662 2045 869 2099 animadvertens
885 2046 969 2099 Lucae
985 2046 1125 2116 prudenter
1141 2046 1246 2111 adiecit,
1264 2043 1289 2097 ἐν
1305 2040 1322 2117 ᾗ
1338 2041 1387 2099 ἔδει
1404 2047 1519 2113 θύεσθαι,
1539 2043 1604 2114 qnasi

449 2132 554 2185 Scribas
566 2148 596 2185 ao
607 2130 759 2185 Pharisaeos
772 2132 876 2201 oblique
887 2136 1002 2195 notaret,
1019 2132 1064 2201 qui
1079 2129 1103 2183 ἔν
1115 2124 1130 2203 ᾖ
1144 2131 1190 2183 oba
1200 2128 1248 2183 desc
1259 2131 1479 2186 sacrificaverant
1502 2130 1602 2185 Adiuvat

450 2233 614 2271 communem
625 2215 692 2271 banc
703 2216 941 2287 interpretationem
951 2217 1098 2270 coniectura
1108 2218 1154 2271 illa
1168 2222 1270 2282 nostra,
1286 2232 1366 2288 quam
1383 2224 1465 2273 antea
1479 2214 1602 2289 proposui·

449 2318 521 2370 mna,
534 2302 661 2357 eiusmodi
671 2308 733 2355 tnnc
744 2302 827 2355 fuisso
837 2302 1013 2356 celebritatem
1024 2301 1167 2372 paschatis,
1179 2308 1210 2355 nt
1220 2319 1280 2355 cum
1291 2309 1460 2373 praepostere
1472 2320 1505 2356 ae
1514 2307 1601 2372 pertur-

450 2387 509 2441 bate
521 2404 537 2443 a
549 2388 658 2443 concilio
671 2388 849 2441 denuntiatum
862 2392 945 2451 esset,
960 2393 1039 2456 atque
1053 2387 1132 2441 etiam
1142 2388 1181 2441 illi
1191 2387 1303 2441 tortasse
1313 2388 1497 2458 praestitutam
1508 2400 1601 2441 neome-

449 2474 520 2527 niam
536 2472 718 2544 paschatisque
735 2472 803 2525 diem
820 2473 1007 2537 retexuissent,
1023 2472 1140 2542 plerique
1159 2488 1221 2527 cum
1235 2471 1338 2526 Christo
1354 2481 1381 2527 et
1395 2474 1525 2545 apostolia
1542 2470 1600 2523 dan

448 2560 522 2613 illurn
535 2558 727 2627 observandum¹
734 2558 891 2628 putaverint,
909 2574 962 2627 qno
978 2558 1051 2627 prins
1065 2563 1092 2610 et
1103 2558 1208 2628 quidem
1218 2558 1335 2627 legitimo
1346 2562 1467 2629 empore
1477 2560 1560 2613 tuerat
1568 2556 1600 2607 in·

449 2644 560 2707 dictum,
576 2659 660 2712 neque
672 2658 766 2695 ranam
782 2642 853 2695 illam
865 2644 1050 2712 magistrorum
1060 2643 1268 2697 retractationem
1279 2646 1434 2698 amaverint.
1456 2644 1499 2698 Ex
1510 2658 1559 2713 qno
1569 2640 1600 2692 la·

449 2733 519 2781 ctum
532 2729 566 2781 ait
576 2733 606 2781 ut
617 2727 727 2796 aposloli
738 2734 829 2796 parata
840 2728 908 2798 apud
920 2728 995 2781 illurn
1005 2726 1135 2797 hospitem
1146 2728 1235 2781 omnia
1245 2729 1395 2799 repererint

516 2810 717 2882 Συλλαμβάνεται
729 2810 755 2863 dl
767 2816 796 2881 τῇ
809 2811 896 2882 τρίτῃ]
915 2814 971 2867 lam
982 2811 1045 2865 haee
1056 2813 1145 2867 facilia
1155 2818 1227 2877 sunt,
1237 2814 1368 2867 intellecta
1378 2817 1463 2869 semel
1473 2808 1600 2885 epiphanii

449 2898 585 2951 sententia.
604 2896 758 2965 Quanquam
769 2897 933 2951 librariorum
944 2897 1023 2967 culpa
1033 2897 1161 2967 quaedam
1172 2904 1235 2952 sunt
1245 2904 1371 2969 concepta
1379 2916 1532 2971 perperam,
1541 2912 1598 2967 quae

449 3000 483 3036 ex
495 2983 681 3051 diagrammate
694 2981 846 3051 corrigenda
858 2988 926 3035 suut
949 2981 1087 3036 Caeterum
1097 2982 1211 3054 ἡμερινὴν
1223 3000 1281 3037 earn
1291 2986 1381 3039 lunam
1392 2991 1482 3051 vocat,
1497 3000 1561 3055 quae
1570 2980 1599 3033 ei·

449 3069 533 3123 uiliter
543 3069 577 3121 ab
589 3074 646 3121 ortu
657 3067 720 3121 solia
732 3066 765 3121 ad
777 3082 898 3119 occasum
910 3066 1072 3137 perducitur;
1084 3068 1219 3140 νυκτερινὴν
1227 3086 1288 3122 rero
1297 3086 1366 3140 quae
1376 3076 1483 3125 nouem
1492 3070 1598 3137 occupet·

450 3153 507 3218 Qua
517 3170 551 3207 ex
563 3152 742 3207 observatione
755 3158 889 3223 corruptus
901 3152 1020 3207 lectionis
1031 3154 1123 3207 vitium
1140 3171 1186 3225 per
1202 3170 1260 3207 sese
1269 3155 1395 3225 proditur.
1418 3155 1511 3210 Scribe
1521 3154 1598 3223 igitur.

450 3245 540 3295 autore
550 3240 673 3310 Keplero‚
686 3238 783 3309 πέμπτη
796 3236 975 3309 τριικαιδεκάιη
987 3238 1121 3309 νυκτερινὴ,
1133 3237 1232 3309 ἡμερινὴ
1242 3238 1269 3291 et
1278 3239 1413 3307 δωδεκάτη.
1432 3240 1509 3305 Quod
1520 3238 1598 3306 utique

449 3326 624 3379 necessarium
636 3332 686 3389 est,
703 3325 725 3376 ei
739 3320 820 3393 τετρὰς
832 3324 911 3378 tuerit
923 3322 1048 3389 δωδεκάτη
1060 3325 1190 3394 νυκτιριννβ.
1224 3323 1292 3377 Nam
1303 3323 1352 3379 bae
1363 3326 1416 3379 sibi
1425 3328 1538 3381 invicem
1548 3338 1597 3375 suc·

449 3412 556 3477 cedunt,
571 3416 601 3463 ut
616 3428 682 3481 quae
694 3408 815 3481 νυκτιρινὴ
826 3408 904 3462 luerit
914 3409 961 3461 liat
972 3407 1079 3477 bpaprci.
1116 3408 1213 3463 Notum
1229 3412 1299 3463 enim
1316 3415 1357 3463 eat
1372 3411 1484 3465 ludaeos
1500 3428 1518 3464 a
1532 3412 1597 3463 nocto

450 3497 517 3549 diem
529 3496 665 3565 auspicari.
698 3494 809 3557 Deinde,
827 3490 1000 3561 προσάββατον
1016 3492 1258 3564 τεσσαρεςκαιδτκάτη
1274 3494 1397 3565 νυκτερινὴ
1414 3496 1464 3566 πρὸ
1475 3494 1595 3563 δεκατριῶν

449 3579 510 3631 lteri.
545 3580 612 3633 Nam
624 3578 741 3648 superior
752 3577 806 3631 dies
818 3576 866 3644 πρὶν
879 3574 1062 3647 δεκατεσσάρων
1073 3579 1126 3631 iarn
1137 3578 1236 3633 habuit.
1271 3580 1337 3633 Item
1349 3579 1474 3650 σάββατον
1486 3596 1596 3635 mast·

450 3662 537 3728 δεκάτη
550 3664 678 3732 νυκτιρινή.
713 3660 781 3713 Nam
792 3661 823 3713 de
835 3660 950 3715 Nicaena
960 3662 1023 3715 lona
1035 3664 1156 3733 loquitur,
1172 3682 1226 3719 non
1241 3665 1273 3719 de
1289 3666 1402 3719 Iudaica
1436 3667 1509 3731 Quae
1520 3662 1594 3719 omnia

449 3764 483 3801 en
494 3748 620 3817 superiori
629 3746 752 3799 laterculo
764 3746 904 3815 repetenda
914 3751 984 3799 sunt.

517 3830 707 3901 Ἐπιρώσκουσα
719 3829 839 3899 rupturi]
868 3830 919 3894 Qui
933 3830 1002 3884 hunc
1016 3832 1153 3903 Epiphanii
1170 3836 1257 3890 locum
1272 3837 1409 3907 percurrit,
1426 3837 1560 3909 diligenter
1574 3832 1595 3885 id

449 3917 651 3983 animadvertere
660 3916 736 3969 debet
747 3914 815 3984 quod
827 3916 954 3985 superiori
962 3916 1141 3973 dissertatione
1152 3922 1257 3991 copiose
1268 3922 1391 3975 traditum
1402 3928 1457 3987 eat,
1467 3921 1593 3977 falsatae

449 4018 506 4055 esse
519 4016 584 4071 quae
596 4002 627 4055 de
642 4002 705 4055 luna
721 4001 840 4054 dicuntur
856 4002 944 4055 omnia
961 4008 987 4054 et
1003 4018 1036 4055 ex
1048 4002 1184 4075 Epiphanii
1197 4004 1399 4061 hallucinatione
1415 4009 1542 4079 profectu
1556 4002 1594 4074 qui

450 4088 641 4158 aequinoctium
653 4104 669 4139 a
681 4104 741 4141 xxv.
750 4086 836 4139 Martii
849 4086 881 4138 ad
894 4104 971 4151 aare,
986 4088 1159 4157 plenilunium
1169 4106 1230 4145 uero
1241 4091 1275 4145 ab
1287 4092 1379 4146 eadem
1390 4110 1451 4148 ιιι.
1463 4094 1506 4149 die
1516 4110 1547 4147 σι
1557 4088 1592 4143 lli·

449 4188 531 4227 caena
541 4172 664 4235 formula,
680 4172 721 4225 rel
738 4172 824 4242 potius
839 4186 937 4225 axxvr.
948 4172 1054 4241 perinde
1065 4174 1098 4227 ad
1109 4192 1174 4229 ιιιι.
1186 4178 1351 4231 transtulerit
1385 4178 1442 4243 Qno
1458 4182 1543 4250 posito
1556 4190 1592 4243 cp·

450 4261 548 4313 clornm
560 4256 675 4311 omnium
686 4272 717 4309 ac
727 4256 851 4311 senarum
867 4258 994 4311 rationem
1010 4260 1168 4327 permiscuit.
1198 4259 1269 4323 Quae
1286 4278 1401 4333 quonam
1417 4270 1494 4335 pacto
1510 4260 1591 4328 corrigi

449 4350 567 4415 possent,
580 4342 643 4394 etin
655 4340 723 4395 riam
735 4342 768 4393 ab
780 4358 866 4396 errore
878 4341 981 4406 deduci,
993 4360 1072 4413 supra
1082 4344 1276 4401 declaravimus.
1298 4346 1382 4417 Igitur
1392 4364 1426 4403 ex
1438 4355 1478 4403 tot
1489 4360 1590 4404 errorum

449 4428 609 4501 argumentis
620 4433 682 4481 nata
694 4430 734 4479 eat
741 4427 835 4481 vitiosa
846 4428 891 4481 illa
899 4427 964 4481 laria
975 4443 1043 4481 anuo
1052 4426 1153 4484 Iuliano
1162 4448 1262 4497 nura,
1273 4430 1322 4485 hoc
1331 4440 1371 4486 eet
1378 4433 1510 4488 dominica
1517 4429 1590 4489 urnii

450 4532 529 4580 xxm,
546 4530 604 4567 curu
616 4526 704 4567 revere
714 4517 783 4565 esset
794 4512 859 4566 teria
870 4531 894 4568 ν.
921 4510 1112 4581 Ἐτιρώσκουσιι
1123 4530 1186 4586 ergo
1198 4515 1299 4586 κυριακὴ
1310 4518 1400 4572 lunam
1409 4518 1502 4575 babuit
1512 4532 1550 4576 xv:
1559 4514 1589 4568 di·

449 4614 550 4653 urnam.
580 4598 628 4653 Hic
639 4596 811 4667 ἰτιφώσκουσα
822 4598 925 4668 proprie
936 4598 1054 4651 sumitur.
1086 4597 1187 4670 Quippe
1198 4618 1263 4657 rau.
1275 4602 1317 4655 die
1328 4603 1362 4657 ab
1374 4608 1432 4658 ortu
1442 4606 1507 4660 solia
1518 4602 1589 4673 coepit

450 4699 493 4737 xv.
506 4684 604 4739 diurna.
634 4682 706 4737 Unde
718 4679 816 4752 ἡμερινὴ
828 4698 874 4752 pro
886 4680 1008 4751 νυκτερινὴ
1019 4684 1210 4739 substituimus.
1234 4687 1357 4759 Alioquin
1367 4687 1383 4755 ἡ
1395 4690 1497 4760 τυριακὴ
1508 4710 1546 4746 ιν.
1556 4706 1587 4737 νυ

451 4766 543 4835 ereptori
555 4768 605 4821 diei
616 4774 711 4839 potest,
727 4766 750 4819 ai
766 4768 822 4821 eins
837 4768 941 4821 initium
956 4766 989 4820 ab
1005 4768 1171 4825 antecedente
1182 4776 1260 4825 noete
1274 4780 1414 4844 reputatur.
1447 4775 1537 4849 Neque
1546 4786 1587 4827 ror

451 4850 622 4919 turqdoaouca
631 4856 768 4925 quicquam
777 4852 875 4916 obstat;
887 4868 955 4921 quae
964 4868 1088 4924 persaepe
1096 4854 1129 4907 de
1139 4856 1303 4912 illucescente
1313 4859 1366 4929 die,
1377 4862 1586 4932 nonnunquamet
