3650 5642
437 603 514 662 CXX

437 760 483 814 aar
495 760 527 813 re
538 774 608 814 anno
618 758 730 829 uagam
746 758 862 823 disserit,
879 758 1130 822 aestimassem,
1146 758 1242 828 reem,
1258 757 1301 809 aa
1312 775 1394 810 mm·
1405 766 1453 821 er,
1471 739 1584 826 senesa-

439 848 488 899 cilc
499 848 567 899 redit
576 850 604 897 im
613 848 728 914 qratiam
741 862 796 896 cnm
808 862 874 897 enac
887 845 938 897 Iud.
948 853 994 899 etc.
1018 844 1105 905 Quare
1117 844 1189 895 malla
1199 843 1327 895 methodus
1336 843 1398 895 linc
1410 845 1502 912 confici
1508 851 1585 911 poter.

442 930 530 984 Tutior
540 950 635 1000 macac
643 932 779 999 periodus,
799 929 906 991 QUAM
921 928 1063 981 Excoor
1066 929 1090 979 T
1087 930 1111 979 A
1120 928 1243 994 VIMUS,
1260 947 1382 981 ammonas
1393 927 1466 993 228,
1478 928 1587 979 amende

439 1019 593 1069 coeteridom
605 1018 743 1071 duodecim.
776 1016 810 1068 At
820 1016 838 1068 l.
848 1033 871 1067 v.
883 1032 908 1085 p.
918 1014 988 1079 485,
1005 1014 1052 1067 ubi
1063 1013 1096 1067 de
1107 1014 1198 1067 eodem
1208 1030 1277 1067 anno
1288 1014 1411 1084 loquitur,
1429 1014 1543 1075 Arabes,
1554 1012 1588 1063 in·

439 1102 506 1173 quit,
523 1102 664 1169 Hupnrcm'
674 1102 808 1171 periodum
824 1100 880 1153 228
892 1118 1015 1152 aaronem
1031 1098 1318 1166 INSTIYUERUNY
1329 1118 1360 1151 aa
1377 1120 1405 1154 u.
1419 1098 1590 1155 danaidum

438 1188 533 1240 Martii
541 1191 604 1239 arani
613 1186 779 1256 Conficeicmc,
792 1188 862 1255 cyclo
874 1188 1025 1250 roaraexm,
1036 1186 1097 1237 solia
1105 1202 1149 1240 xx.
1167 1184 1201 1237 Et
1207 1185 1285 1255 paulo
1297 1190 1369 1256 post:
1384 1185 1524 1254 Triplices·
1535 1186 1589 1234 ari·

432 1274 567 1343 periodum
583 1272 737 1337 hahuerunt,
755 1276 873 1325 minorem
890 1288 944 1325 xxx
963 1288 1085 1324 canoram
1101 1272 1250 1334 relatorem,
1267 1274 1387 1322 maiorem
1396 1266 1454 1321 210
1470 1286 1590 1329 amna,

437 1362 574 1411 maximam
591 1356 647 1410 228
663 1377 785 1411 annornm
801 1359 936 1421 solatium,
952 1356 1007 1407 235
1022 1366 1103 1409 uatem
1115 1356 1300 1418 Arabicarum,
1316 1374 1366 1424 pua
1382 1355 1537 1407 Melatton
1549 1370 1591 1421 pm

437 1452 513 1496 totum
524 1452 663 1495 contectam
675 1448 739 1496 ammi
748 1444 843 1496 solaria
853 1450 965 1510 vaceae
975 1444 1044 1494 redit
1055 1444 1092 1494 ud
1106 1444 1211 1494 eandem
1222 1443 1295 1495 diem.
1330 1439 1403 1494 Idem
1419 1446 1448 1494 at
1462 1441 1491 1493 iu
1505 1439 1548 1492 tib.
1558 1454 1591 1491 ιιι

437 1530 506 1599 laag.
520 1528 583 1584 Can.
594 1530 694 1599 repetit
718 1528 785 1592 Quid
796 1527 845 1581 boc
857 1526 963 1581 homine
974 1527 1069 1592 iacias,
1085 1532 1131 1580 aut
1148 1542 1227 1596 quam
1243 1527 1267 1579 ei
1283 1525 1386 1579 demum
1402 1522 1591 1585 babeasfidcm,

437 1630 486 1667 sua
496 1630 524 1667 se
536 1614 592 1685 ipse
604 1614 766 1667 confessione
777 1618 831 1667 tam
843 1618 932 1683 aperte
944 1628 975 1665 ac
985 1614 1073 1684 palam
1083 1611 1181 1676 induit,
1197 1617 1227 1664 ut
1243 1612 1316 1664 cuius
1328 1612 1390 1663 anui
1400 1611 1504 1665 iormae
1514 1626 1544 1661 ae
1554 1623 1591 1676 ps

437 1700 502 1753 riodi
513 1702 675 1753 inventorem
686 1716 714 1752 se
727 1699 799 1762 dicit,
812 1714 870 1751 eam
882 1699 967 1767 ipsam
975 1697 1160 1750 vetustissimis
1171 1697 1331 1767 temporibus
1343 1697 1371 1748 iu
1382 1712 1434 1749 usu
1444 1696 1529 1749 fuisse
1539 1710 1592 1745 con·

436 1786 541 1839 firmet?
565 1784 616 1837 Sed
629 1800 660 1837 ea
670 1782 735 1837 mihi
746 1784 813 1837 levia
825 1800 855 1836 ac
867 1784 1014 1836 tolerabilia
1022 1783 1148 1846 ridentur,
1165 1798 1224 1834 cum
1240 1782 1273 1833 ad
1284 1781 1337 1834 alia
1346 1782 1474 1851 respicio,
1492 1795 1555 1849 quae
1569 1779 1591 1827 ia

437 1876 546 1941 utroque
558 1871 602 1923 illo
615 1886 691 1939 opere
702 1874 812 1933 temere,
829 1868 1007 1921 inconstanter
1023 1884 1053 1921 ac
1065 1867 1121 1920 sine
1132 1856 1223 1919 ‘autore
1233 1866 1287 1921 ullo
1298 1866 1397 1935 passim
1408 1865 1520 1929 eflutiit,
1535 1878 1592 1933 quac

437 1974 486 2010 nos
499 1955 581 2021 brevi,
594 1956 617 2007 si
626 1954 745 2007 dominus
758 1953 868 2019 dederit,
877 1955 904 2007 in
914 1955 999 2007 lucem
1009 1958 1178 2023 apertumque
1187 1951 1359 2022 proferemus,
1371 1956 1401 2003 ut
1409 1953 1457 2021 qui
1469 1949 1592 2004 ιιιοιιοιι

438 2042 502 2111 gicis
514 2041 541 2093 in
552 2041 631 2093 rebus
642 2040 719 2093 deum
730 2038 806 2091 illum
818 2038 1004 2109 propemodum
1015 2038 1125 2102 iaciunt,
1141 2036 1205 2090 nihil
1216 2038 1303 2107 ipsum
1314 2037 1347 2089 ad
1358 2053 1416 2089 cam
1428 2054 1487 2089 rem
1501 2039 1593 2105 praeter

436 2127 534 2179 fastum
551 2130 576 2178 et
593 2126 769 2195 arrogantiam
786 2125 905 2177 attulisse
922 2123 1032 2177 discant.
1066 2122 1200 2176 Postremo
1218 2138 1299 2192 quam
1317 2122 1346 2175 in
1362 2121 1519 2175 Antiocheni
1537 2117 1591 2171 arui

437 2210 536 2281 epocha
546 2196 659 2264 hominis
673 2210 874 2264 inconstantiam
885 2208 1011 2273 vidimus,
1029 2208 1138 2261 eandem
1154 2208 1182 2260 in
1198 2208 1343 2277 Hagarenis
1358 2213 1385 2260 ct
1395 2207 1515 2261 Arabicis
1530 2203 1592 2256 hisce

436 2298 549 2367 periodis
562 2298 626 2351 scito
640 2314 697 2350 esse
713 2296 888 2349 commissam.
922 2293 990 2347 Nam
1000 2294 1017 2346 l
1029 2312 1058 2347 ιι.
1071 2292 1102 2347 de
1113 2292 1221 2346 Emend
1232 2310 1258 2363 p.
1269 2293 1325 2345 116.
1342 2298 1369 2346 et
1379 2294 1397 2347 l.
1407 2312 1432 2345 ι.
1449 2310 1477 2363 p.
1486 2290 1543 2345 435.
1553 2304 1591 2357 pc

436 2382 538 2436 riodum
555 2384 721 2453 Hagarenam
738 2382 771 2434 ab
787 2398 855 2433 auno
871 2380 929 2450 ipso
941 2378 1120 2444 confusionis,
1137 2378 1183 2448 qui
1198 2378 1317 2448 proxime
1335 2376 1381 2432 lul.
1398 2378 1514 2448 primum
1529 2378 1590 2427 aute·

437 2470 527 2533 cessit,
543 2470 641 2522 Arabes
658 2466 794 2521 inchoasse
809 2465 900 2528 tradit,
918 2480 972 2534 per.
988 2462 1119 2517 lutatus.
1142 2463 1173 2516 ln
1184 2463 1255 2534 laag.
1267 2480 1328 2517 rere
1341 2462 1440 2517 Gauom
1451 2464 1470 2518 l.
1480 2480 1520 2517 111.
1531 2475 1590 2513 crs.

436 2571 462 2623 p.
472 2552 529 2607 235.
541 2554 640 2623 periodi
652 2552 729 2605 huius
742 2550 867 2622 epocham
879 2550 989 2603 eandem
1005 2566 1063 2603 esse
1075 2549 1150 2603 docet
1161 2565 1241 2620 quam
1252 2554 1279 2601 et
1289 2547 1504 2602 Antiochensium
1515 2559 1589 2602 aerae.

436 2638 485 2691 hoc
501 2644 542 2691 est
556 2639 590 2692 ab
607 2654 675 2691 anno
693 2638 776 2708 primo
793 2634 959 2689 monarchiae
975 2636 1035 2689 lolii
1051 2633 1181 2700 Caesaris,
1196 2652 1252 2705 per.
1264 2632 1410 2698 lutatam,
1428 2650 1497 2704 quae
1510 2644 1591 2685 secum

436 2724 571 2793 perspicue
583 2732 709 2793 puguant

504 2806 557 2859 Sed
573 2806 613 2860 his
631 2808 709 2877 nugis
728 2808 844 2873 omissis,
862 2806 1027 2860 verisimilius
1044 2810 1085 2858 est
1099 2805 1239 2877 Epiphanii
1255 2806 1347 2859 saltem
1363 2810 1480 2876 tempore
1497 2803 1590 2858 civilem

435 2892 551 2945 Arabum
563 2908 662 2946 annum
673 2893 783 2945 solarem
795 2890 889 2956 irrisae,
908 2898 935 2944 et
951 2891 1009 2943 aliis
1025 2907 1103 2960 qnam
1116 2892 1161 2961 qui
1171 2892 1251 2961 vulgo
1263 2890 1479 2944 circumferuntur
1488 2886 1591 2944 nomini·

435 2978 485 3031 bus
496 2967 600 3031 menses
612 2978 756 3049 appellatos
773 2993 838 3029 esse.
873 2976 1036 3047 Simplicius,
1054 2977 1094 3029 uti
1110 2976 1227 3047 Scaliger
1242 2977 1377 3041 observat,
1393 2992 1485 3029 arere
1501 2988 1590 3029 muru

436 3080 513 3117 suum
525 3064 623 3116 Arabes
634 3063 771 3117 inchoasse
783 3063 880 3117 scribit.
897 3061 1103 3115 Alexandrinum
1114 3079 1175 3116 vero
1185 3061 1332 3116 chronicon
1342 3080 1369 3132 p.
1377 3060 1435 3115 597.
1447 3068 1522 3116 nont
1531 3059 1590 3113 ean·

436 3149 496 3202 dido
508 3154 534 3202 et
545 3148 676 3213 Quadrato
693 3166 760 3204 coss.
774 3148 878 3203 Petrens
888 3153 922 3202 ἰι
936 3146 1093 3213 Bostrenos,
1111 3149 1156 3218 qui
1172 3147 1282 3201 Arabiae
1299 3146 1389 3218 populi
1405 3153 1481 3212 aaut,
1498 3148 1531 3200 ab
1546 3144 1589 3195 hoc

435 3236 493 3307 ipso
506 3252 574 3291 auno
587 3240 705 3307 tempora
721 3252 769 3289 sua
786 3251 934 3300 numerare,
952 3234 997 3304 qui
1014 3239 1055 3287 est
1069 3250 1144 3287 aerae
1155 3232 1331 3303 Dionysianae
1343 3248 1400 3300 cm,
1417 3232 1523 3286 'lhaiani
1532 3229 1589 3297 imp.

437 3326 551 3376 octavus.

503 3406 573 3459 Κατὰ
584 3407 751 3469 Καππαδόκας
763 3404 870 3477 Ἀταριᾶ
883 3408 927 3476 tp]
961 3404 1071 3459 Lunaris
1085 3405 1167 3475 igitur
1183 3402 1368 3475 Cappadocum
1382 3402 1481 3457 mensis
1498 3398 1589 3458 exsilic

436 3492 644 3561 quandoquidem
656 3508 716 3545 cum
726 3490 825 3545 Tebeth
837 3492 941 3543 ludaico
956 3491 1084 3544 convenit.
1108 3491 1164 3543 imo
1181 3506 1242 3543 ιιιο
1258 3496 1349 3543 neuter
1364 3494 1484 3543 accurate
1499 3484 1589 3542 lunius

435 3574 497 3639 fuit,
512 3592 572 3628 cum
589 3576 751 3629 novilunium
769 3576 883 3628 medium
900 3574 1011 3627 Decii.
1024 3580 1160 3645 competat
1184 3574 1269 3638 Quare
1286 3576 1310 3627 si
1325 3575 1415 3628 Iudaei
1425 3571 1475 3626 drab
1488 3578 1529 3641 τῆς
1539 3588 1589 3622 σιν-

436 3660 495 3712 eboc
518 3661 668 3713 neomenias
691 3661 800 3713 civiliter
822 3659 1003 3723 deduxissent,
1023 3658 1078 3712 Ian.
1097 3678 1132 3713 ιι.
1151 3660 1257 3713 nonnisi
1278 3678 1318 3714 ιιι
1334 3675 1418 3715 mens.
1436 3660 1588 3714 recusent

435 3744 483 3798 Sin
492 3744 560 3815 quod
573 3744 630 3797 aliis
642 3744 752 3813 placuit,
764 3746 801 3797 uti
813 3744 902 3813 glossa
914 3762 988 3798 cvm
998 3760 1053 3815 par.
1063 3764 1082 3798 1.
1093 3743 1139 3797 lad
1150 3745 1180 3797 E.
1190 3745 1371 3799 Mnemonidas
1379 3751 1499 3811 testatur,
1510 3758 1587 3799 neom

426 3846 570 3900 ‘uunquam
582 3846 612 3882 eo
625 3830 666 3882 dic
682 3828 835 3893 constituta,
853 3830 879 3882 in
898 3846 977 3901 quem
992 3830 1082 3884 Molad
1097 3830 1233 3897 incideret,
1248 3831 1387 3884 neomenia
1397 3830 1499 3884 Tebeth
1513 3843 1588 3885 xrvn.

435 3916 510 3979 Dec,
522 3914 635 3967 Ianuarii
647 3918 734 3967 autem
746 3934 780 3968 ιι.
793 3914 923 3968 duntaxat
935 3914 1070 3968 undecima
1081 3918 1209 3969 convenit
1233 3914 1301 3970 Scal.
1314 3917 1359 3970 hb.
1368 3934 1404 3970 ιι.
1418 3916 1450 3968 de
1460 3914 1587 3970 Emendat

436 4018 496 4054 cum
512 3998 543 4053 de
560 4015 629 4053 anno
646 4000 728 4053 natali
745 3998 841 4053 Christi
856 4000 984 4071 disputat,
1000 4000 1174 4071 Epiphaniam
1188 4001 1335 4070 redarguit,
1353 4000 1422 4071 quod
1432 4000 1532 4055 Tebetb
1546 4012 1586 4069 pm

436 4084 534 4141 Sebath
545 4086 667 4155 posuerit.
691 4086 742 4140 Sed
753 4084 978 4156 reprehendendus
989 4087 1046 4156 ipse
1057 4088 1156 4156 potius,
1173 4088 1219 4157 qui
1235 4086 1268 4139 ad
1285 4092 1460 4140 commentum
1474 4082 1586 4141 ruumdt

436 4172 569 4243 Galippica
579 4170 684 4241 periodo
697 4188 712 4223 a
723 4171 825 4225 Iudaeis
837 4176 898 4224 tunc
909 4172 1034 4241 temporis
1046 4172 1183 4224 observata
1193 4171 1368 4242 Epiphaniam
1379 4172 1539 4242 adstringere
1549 4186 1586 4222 ro

435 4258 497 4323 luit;
515 4256 546 4309 de
559 4272 610 4326 qua
621 4272 648 4307 ιι
660 4256 739 4325 paulo
755 4260 815 4326 post
830 4262 922 4327 agetur
937 4258 965 4309 in
975 4257 1156 4327 Diaputatn'one
1167 4256 1199 4309 da
1210 4273 1280 4310 anno
1292 4258 1444 4311 Domiuicae
1455 4255 1585 4311 Passionis·

435 4342 496 4397 linit
506 4340 548 4396 hic
558 4341 638 4412 igitur
650 4342 747 4393 mensis
759 4340 869 4407 Tebeth,
881 4359 935 4395 nou
946 4341 1058 4407 Sebath;
1076 4348 1102 4395 ct
1112 4347 1153 4395 est
1164 4342 1269 4397 omnino
1282 4342 1314 4396 ad
1325 4342 1457 4396 iudaicam
1467 4344 1540 4396 illam
1548 4356 1585 4413 pr

436 4428 552 4493 riodnm,
565 4443 643 4496 quam
654 4430 746 4497 postea
758 4442 792 4479 ex
802 4426 941 4497 Epiphanii
952 4433 1039 4481 mente
1055 4427 1242 4493 describemus,
1260 4428 1541 4482 accommodatissimus
1551 4426 1586 4479 hic

435 4512 517 4567 locus.
545 4512 601 4567 Etsi
618 4512 727 4566 duorum
743 4512 851 4565 alterum
868 4512 992 4566 accidisse
1009 4513 1135 4583 suspicor,
1153 4517 1182 4564 ut
1192 4513 1234 4566 rel
1246 4510 1277 4565 cd
1288 4530 1336 4585 pro
1348 4511 1381 4584 ιγ’
1394 4514 1525 4585 scripserit
1534 4510 1585 4582 Epi·

436 4596 560 4668 phanius,
576 4598 618 4651 rel
633 4596 756 4668 quoniam
767 4596 880 4651 Ianuarii
889 4615 912 4651 v.
925 4614 971 4668 pro
983 4616 1018 4652 ιι.
1030 4596 1180 4668 imprudens
1192 4605 1374 4669 usurpaverat,
1390 4606 1421 4652 ac
1439 4614 1498 4651 ιιιιι
1513 4596 1584 4669 respi-

436 4682 506 4735 ciens
518 4700 575 4736 xrn.
588 4682 686 4736 'lobath
698 4682 869 4753 adscripserit
892 4684 955 4736 Erat
965 4684 1034 4735 enim
1046 4700 1079 4736 ex
1091 4680 1212 4735 methodo
1223 4690 1314 4738 nostra
1325 4684 1423 4738 Tebetb
1434 4684 1474 4738 14.
1492 4677 1583 4755 Quippe

437 4766 804 4837 ogdoicontatessaraeteridis
816 4784 899 4821 annus
911 4769 960 4821 iste
971 4768 1022 4820 fuit
1032 4786 1070 4832 u.,
1082 4768 1156 4837 cyclo
1168 4768 1231 4821 solis
1242 4788 1294 4834 rr.,
1305 4770 1383 4823 lunae
1394 4788 1427 4834 a,
1443 4768 1525 4823 aEal
1536 4770 1582 4823 Ian.

436 4852 498 4907 anni
508 4850 602 4907 Iuliani
613 4852 745 4924 sequentis
756 4853 893 4907 neomenia
904 4852 986 4907 Nisan
997 4854 1059 4923 Apr.
1068 4871 1113 4920 m,
1129 4852 1176 4907 ier.
1188 4870 1224 4909 ιι.
1247 4852 1309 4907 Erat
1324 4870 1408 4907 annua
1423 4854 1534 4925 simplex
1548 4870 1583 4911 er·
