3650 5642
1306 608 1390 665 exui

230 760 311 809 marii
318 774 378 813 rm.
391 762 421 809 ia
432 758 502 825 cyclo
514 760 658 825 emendato,
675 759 799 813 Ianuarii
807 776 842 813 vr.
855 762 882 811 in
896 760 967 827 cyclo
979 763 1077 814 eitioao.
1101 759 1154 815 Sed
1170 760 1273 832 eclipsis
1289 762 1340 816 ista
1350 763 1390 816 Ia·

228 843 307 895 nmrii
317 844 484 897 meuserit
500 844 528 897 in
540 844 613 913 cyclo
630 844 775 925 emendato.
799 844 897 899 Verum
913 849 970 898 tota
985 842 1049 899 baec
1065 844 1192 917 Scaligeri
1208 848 1325 902 collectio
1341 848 1390 901 im·

228 926 318 995 plicata
328 944 361 981 ac
371 928 518 983 falsissima
528 934 576 983 est.
603 929 706 983 Etenim
723 929 842 1000 quamvis
858 928 950 983 demus
967 930 1044 996 illud,
1061 931 1131 1001 quod
1147 948 1314 1003 nequaquam
1329 950 1390 987 con·

228 1012 352 1078 cedimns,
370 1030 471 1067 annm
487 1014 596 1069 Herodis
612 1016 727 1085 primum
743 1016 776 1069 ab
793 1014 844 1068 liar
861 1015 924 1068 anni
940 1016 1034 1069 loliani
1048 1032 1094 1069 vn.
1113 1018 1303 1071 numerandum
1322 1034 1388 1084 esse,

229 1098 389 1169 eundemque
400 1116 490 1170 regem
502 1118 596 1155 xxxrrr
607 1100 705 1155 solidos
722 1117 805 1155 annos
821 1094 955 1171 explesse,
972 1101 1042 1173 quod
1057 1118 1142 1173 neque
1152 1102 1277 1173 Iosephus
1288 1104 1389 1169 messit,

229 1189 250 1234 et
258 1185 339 1253 gratis
353 1200 372 1239 a
384 1184 518 1255 Scaligero
529 1186 641 1255 ponitur,
654 1186 700 1241 sed
711 1192 741 1239 ut
752 1186 789 1239 ita
800 1202 857 1239 esse
870 1186 1018 1253 credamus,
1033 1204 1169 1258 nunquam
1180 1194 1270 1241 tamen
1280 1188 1389 1242 llerodis
1415 1208 1438 1249 n.
1447 1196 1490 1241 see.

228 1268 370 1323 uicesimus
387 1272 515 1341 septimus
531 1270 651 1325 desinens
667 1278 694 1325 et
708 1271 793 1325 iniens
810 1272 956 1325 tricesimus
973 1278 1080 1327 octavus
1096 1274 1125 1327 in
1136 1273 1266 1327 lulianum
1277 1292 1337 1329 xcv.
1350 1275 1388 1327 in·

228 1353 298 1419 ridet,
310 1354 361 1409 ssd
373 1356 401 1407 in
413 1373 497 1422 mu,
514 1357 537 1410 si
548 1357 672 1411 nimirum
683 1357 717 1411 ad
728 1376 755 1411 vr
767 1357 891 1411 adieceris
903 1376 1015 1414 rursu.
1046 1357 1114 1412 llam
1124 1358 1270 1413 tricesimus
1283 1365 1389 1413 octavus

228 1438 320 1493 luliuno
331 1441 444 1511 incipiet
452 1460 522 1497 xnus.
540 1441 624 1507 Quare
636 1448 677 1497 est
687 1441 751 1497 haec
762 1443 872 1513 insignis
885 1440 1023 1513 ἀλογιστία.
1041 1442 1095 1497 Nec
1104 1444 1151 1496 illa
1161 1450 1230 1497 certe
1241 1445 1326 1499 minor
1337 1462 1391 1515 qua

228 1523 380 1580 Archelaum
388 1526 497 1581 Herodis
507 1526 535 1581 ll.
545 1544 613 1581 anuo
623 1528 724 1581 Iuliano
733 1546 789 1585 ιιιι.
799 1528 921 1582 exulasse
930 1529 1027 1593 scribit,
1039 1545 1099 1583 cum
1107 1548 1136 1583 rx
1147 1528 1245 1583 solidos
1253 1536 1390 1601 regnasset

227 1626 310 1665 annos.
320 1610 470 1665 Archelaus
479 1613 550 1668 eninr
558 1629 640 1683 regno
650 1619 744 1667 exutus
754 1619 795 1667 est
802 1614 899 1685 Lepido
909 1620 936 1667 et
944 1615 1066 1668 Arruntio
1076 1631 1153 1681 cose,
1161 1620 1192 1667 ut
1199 1620 1274 1669 autor
1283 1622 1323 1669 est
1330 1616 1389 1685 Dio,

227 1712 288 1749 auno
299 1696 405 1751 Iuliano
418 1715 454 1753 ιι.
477 1696 568 1769 Coepit
578 1700 659 1769 igitur
670 1699 770 1753 Iuliano
783 1718 847 1757 unu.
871 1698 946 1764 Quod
957 1701 981 1753 si
992 1716 1061 1753 anno
1072 1700 1174 1754 Iuliano
1186 1719 1259 1767 ιιι,
1276 1718 1328 1771 quo
1339 1702 1390 1754 Hc·

227 1781 306 1835 rodem
318 1782 442 1852 Scaliger
453 1784 598 1838 excessisse
609 1789 695 1855 putot,
712 1801 824 1855 reguum
840 1785 990 1855 auspicatus
1002 1791 1072 1839 esset
1082 1786 1235 1853 Archelaus,
1251 1793 1278 1839 et
1288 1805 1317 1841 rx
1328 1787 1390 1839 soli-

227 1866 267 1918 dos
278 1868 416 1939 explesset
427 1885 525 1933 annos,
536 1887 590 1923 non
601 1871 624 1923 is
634 1870 734 1925 Iuliano
746 1889 811 1936 ιιιι,
824 1870 869 1923 sed
882 1889 934 1926 niv.
947 1872 1078 1941 relegatus
1090 1872 1192 1928 luisset.
1210 1874 1260 1927 Par
1272 1879 1313 1925 cst
1324 1872 1390 1925 osci·

228 1952 307 2018 untia
319 1970 384 2007 cnm
392 1953 466 2007 addit
477 1970 574 2009 annum
585 1956 668 2021 illum,
681 1973 731 2027 qno
743 1957 835 2027 pulsus
847 1962 888 2009 est
895 1954 1045 2023 Archelaus,
1058 1974 1114 2011 esse
1126 1958 1159 2011 ab
1168 1957 1275 2011 Actiaca
1282 1958 1391 2010 victoria

229 2054 320 2093 uxvn.
357 2038 428 2093 Nam
443 2039 570 2113 Iosephus
587 2042 632 2095 lib.
645 2060 719 2099 xvnr.
736 2058 792 2113 cap.
805 2060 845 2097 ιιι.
857 2040 995 2106 Quirinum
1005 2041 1124 2096 Archelai
1138 2045 1267 2097 bonorum
1283 2060 1390 2097 censum

228 2124 366 2177 instituisse
384 2131 487 2191 uenat,
505 2142 573 2180 auno
584 2146 686 2181 xxxvu.
698 2134 758 2197 post
769 2127 876 2181 Antonii
892 2127 993 2181 cladem
1009 2128 1043 2180 ad
1053 2128 1166 2182 Actium.
1196 2130 1238 2181 lix
1254 2146 1285 2183 eo
1302 2129 1390 2199 itaque

228 2224 385 2279 consequens
402 2216 512 2265 estnon
527 2230 585 2269 uns.
603 2213 717 2277 iuliano,
734 2212 780 2266 ssd
796 2231 845 2278 ιι,
861 2212 1017 2268 Archelaum
1032 2214 1112 2267 exilio
1128 2214 1288 2269 damnatum.
1322 2213 1390 2267 Nem

230 2294 329 2347 Arduos
339 2311 436 2366 pugna
446 2296 480 2349 ad
490 2296 622 2351 Iulienum
634 2316 676 2351 xv.
687 2298 812 2367 pertinet,
824 2298 882 2351 ideo
894 2298 995 2351 Iuliano
1007 2316 1042 2351 ιι.
1054 2299 1141 2368 coepit
1149 2317 1251 2355 xxxvu.

286 2382 376 2451 Atque
392 2380 458 2435 haec
473 2398 596 2453 pervem
610 2383 719 2437 Herodis
737 2399 865 2437 annorum
883 2383 1020 2437 subductio
1038 2384 1122 2437 multo
1139 2384 1167 2437 in
1184 2384 1296 2437 Eusebio
1313 2386 1389 2438 casti·

229 2464 306 2531 ganda
322 2468 412 2537 magis
429 2472 484 2533 eet,
500 2484 516 2521 a
532 2486 583 2539 quo
598 2468 717 2539 proiecta
732 2470 850 2521 manavit
865 2469 893 2523 in
909 2474 1034 2523 caeteros.
1067 2470 1115 2523 Hic
1132 2470 1201 2523 enim
1216 2470 1244 2522 in
1256 2468 1389 2523 Chronicis

229 2550 335 2617 prinum
346 2568 449 2607 annum
460 2554 574 2624 Augusti
585 2554 660 2625 ponit
671 2555 788 2624 eum'qui
798 2560 858 2624 post
869 2554 929 2607 Iulii
941 2554 1058 2607 Caesaris
1070 2572 1161 2609 necem
1171 2556 1291 2625 proxime
1303 2555 1389 2625 sequi·

230 2640 272 2701 tur,
288 2638 388 2707 quique
404 2636 481 2691 Urbis
498 2645 539 2692 est
554 2638 627 2705 711.,
642 2640 758 2693 1ιι11ιιιιιιι
775 2639 813 2705 3.,
830 2639 992 2709 Olympiadis
1009 2640 1134 2695 ccxxxiv.
1150 2639 1286 2693 secundus
1322 2640 1390 2693 Tum

230 2722 385 2793 Antigonum
393 2730 555 2793 postremum
564 2740 598 2777 ex
606 2725 776 2779 Διιιιιοιιιιίι
785 2741 874 2794 regem
884 2731 1017 2778 mortuum
1025 2742 1083 2779 esse
1092 2726 1154 2778 dicit
1161 2742 1261 2781 annon.
1268 2726 1390 2795 Augusti,

231 2804 324 2878 Olymp.
337 2824 455 2863 ccxxxv.
467 2809 594 2875 secundo;
606 2818 635 2865 ut
645 2811 674 2863 in
685 2811 843 2881 quibusdam
855 2811 1049 2881 exemplaribus
1058 2811 1164 2881 reperiri
1174 2816 1285 2864 testatur
1295 2812 1389 2864 Ponta-

231 2906 280 2957 cus,
294 2893 375 2965 idque
387 2894 475 2965 ipsum
485 2896 514 2949 in
526 2894 638 2949 editione
650 2912 700 2949 sua
711 2896 828 2966 Sceliger
839 2897 978 2967 amplexus
990 2902 1037 2951 est.
1061 2896 1108 2949 liet
1118 2895 1161 2949 hic
1172 2895 1249 2949 Urbis
1261 2896 1329 2961 715,
1347 2896 1389 2949 lu·

232 2976 305 3031 lianus
315 2979 340 3031 7.
362 2980 400 3033 At
410 2980 438 3033 in
449 2980 508 3035 aliis
518 2980 652 3059 codicibus
664 2980 794 3035 confertur
806 2982 832 3035 id
842 2983 870 3035 in
882 2998 981 3035 annum
992 2982 1106 3051 Augusti
1117 2982 1151 3047 1.,
1162 2982 1190 3035 in
1202 2982 1260 3035 aliis
1269 2998 1329 3035 sero
1341 2981 1389 3047 10,

232 3062 290 3130 quod
306 3070 472 3134 postremum
488 3072 614 3137 mquam
630 3066 743 3121 Eusebio
759 3067 845 3137 magis
864 3074 1068 3121 consentaneum
1085 3072 1190 3120 secutus
1201 3074 1241 3119 eet
1251 3067 1389 3120 Pontacus.

232 3145 323 3219 Quippe
334 3156 441 3207 mortuo
449 3152 582 3221 Antigono
594 3152 708 3227 Hprodes
720 3152 828 3223 pacifice
839 3153 971 3221 regnavit,
983 3156 1010 3203 et
1021 3152 1113 3204 eodem
1124 3168 1193 3205 anuo
1204 3168 1303 3205 uorum
1314 3153 1391 3221 regni

232 3234 370 3303 euspicium
381 3234 481 3291 babuit
498 3236 561 3291 Erat
569 3236 646 3291 Urbis
656 3254 739 3291 annus
749 3236 815 3301 720,
828 3238 944 3290 lulianus
956 3235 1009 3301 12.;
1021 3237 1141 3305 quamvis
1150 3238 1229 3289 eham
1239 3238 1267 3289 in
1276 3237 1389 3289 editione

232 3316 330 3373 Poutsei
341 3336 404 3375 cum
415 3322 529 3393 Augusti
539 3340 576 3379 xx.
589 3323 689 3393 primus
704 3322 814 3375 Herodis
830 3322 912 3385 meat,
931 3320 976 3390 qui
993 3327 1033 3373 est
1044 3319 1119 3373 Urbis
1132 3320 1204 3387 721,
1219 3321 1336 3374 Iulianus
1349 3319 1388 3374 13.

233 3400 266 3455 lix
276 3403 323 3458 hoc
334 3410 454 3477 tempore
465 3426 559 3461 xxxvn
569 3409 645 3478 regni
657 3424 739 3461 anuos
752 3406 849 3460 orditur
860 3406 1002 3470 Eusebius,
1017 3405 1132 3459 eiusdem
1143 3422 1204 3459 vero
1220 3411 1332 3459 mortem
1348 3421 1389 3459 ss·

233 3488 311 3557 signat
318 3507 390 3545 anno
399 3492 512 3562 Augusti
520 3511 611 3559 xnvn,
623 3492 725 3563 Olymp.
734 3507 814 3547 cxciv
824 3508 893 3545 anno
903 3497 1005 3562 quarto,
1016 3492 1050 3544 ab
1058 3491 1189 3544 Abraamo
1198 3490 1282 3556 2021,
1294 3488 1390 3544 Uhristi

234 3576 323 3641 quinto.
345 3576 524 3641 Quamobrem
534 3576 708 3631 hallucinatur
720 3578 845 3649 Scaliger,
862 3578 906 3647 qui
923 3594 993 3630 anno
1005 3576 1079 3631 2019.
1095 3576 1121 3629 id
1136 3577 1169 3630 ab
1180 3574 1294 3630 Eusebio
1309 3577 1390 3631 tribui

234 3668 325 3727 cesset,
336 3668 364 3715 st
373 3661 622 3717 metachronismnm
634 3680 691 3717 esse
704 3662 766 3715 dicit
777 3678 905 3717 annorum
918 3662 1005 3715 trium.
1022 3662 1120 3715 Verum
1130 3662 1154 3715 ei
1164 3660 1206 3715 hic
1217 3678 1301 3715 annus
1314 3678 1389 3733 qnar-

235 3752 269 3797 tus
280 3754 318 3799 est
329 3747 434 3819 Olymp.
448 3764 540 3815 cxcv„
555 3749 669 3819 Augusti
680 3766 776 3813 snum,
791 3764 850 3803 cum
865 3748 980 3801 Herodes
995 3748 1073 3817 paulo
1089 3753 1150 3799 ante
1161 3746 1260 3801 Pascha
1270 3754 1389 3801 mortuus

235 3830 273 3893 sit,
288 3842 315 3885 et
326 3833 441 3902 Augusti
452 3850 546 3898 anun..
564 3850 633 3887 anno
646 3834 739 3887 luliani
751 3852 822 3887 xcix.
839 3834 893 3887 iam
910 3834 1014 3887 labente
1030 3832 1099 3903 apud
1110 3832 1252 3887 Eusebium
1269 3835 1390 3904 coeperit,

235 3930 331 3971 neumae
343 3924 384 3971 est
395 3924 425 3971 ut
437 3934 505 3973 auno
518 3918 612 3973 iuliani
620 3937 645 3973 ι.
658 3920 763 3973 ineunte
775 3919 880 3989 perierit
888 3918 1015 3983 Herodes,
1027 3935 1087 3971 cum
1099 3934 1184 3971 annus
1194 3924 1301 3988 quartus
1311 3935 1389 3973 cxcv.

236 3998 387 4073 Olympiadis
398 4002 482 4057 adhuc
494 4003 651 4069 decurreret,
664 4006 709 4075 qui
720 4010 747 4057 et
757 4004 870 4057 Eusebio
881 4004 1005 4057 Abraami
1015 4003 1090 4055 2021.
1102 4009 1229 4056 censetur.
1247 4004 1322 4059 Uerta
1333 4005 1389 4075 qui·

236 4084 367 4143 ἀιιιι2020.
380 4090 474 4143 saltem
486 4102 542 4143 esse
554 4089 638 4145 debet.
667 4088 740 4143 Unde
752 4088 987 4143 metachronismus
998 4089 1047 4141 erit
1058 4105 1091 4140 ιιι
1100 4086 1279 4159 Scaligeriana
1288 4090 1389 4143 ratione

236 4186 353 4227 mnorum
364 4173 508 4229 subdurum
520 4175 646 4245 quinque,
659 4192 712 4229 non
724 4180 812 4229 sutem
824 4176 911 4230 trium.
930 4174 998 4228 Nam
1009 4172 1110 4227 Iuliano
1119 4190 1180 4229 xcv.
1192 4181 1324 4229 mortuum
1335 4189 1388 4227 crs·

237 4254 267 4309 dit
275 4258 409 4315 llerodem.

292 4344 348 4397 lum
358 4361 421 4398 cum
432 4344 501 4398 idem
509 4344 626 4416 Scaliger
637 4346 712 4401 lib.v.
723 4346 754 4399 de
762 4346 870 4399 limend.
880 4343 1018 4415 losephum
1030 4360 1130 4397 errasse
1140 4344 1307 4415 pronunciat,
1319 4342 1389 4413 quod

237 4440 308 4483 senes
319 4429 430 4483 Herodis
442 4447 535 4487 xxxvu
546 4446 563 4483 a
573 4430 681 4485 Domitii
697 4436 724 4483 et
734 4431 818 4485 Asinii
833 4432 971 4485 consulatu
988 4428 1104 4494 deducit,
1120 4432 1214 4483 erroris
1230 4429 1317 4499 potius
1331 4428 1389 4499 ipse

238 4515 395 4569 murincitnr.
419 4513 487 4569 Nem
498 4514 634 4586 losepbus,
647 4522 678 4569 ut
687 4532 720 4569 ex
733 4516 909 4587 superioribus
921 4516 1016 4584 liquet,
1032 4531 1121 4569 secum
1133 4514 1241 4568 mirifice
1252 4513 1390 4579 consentit,
1415 4545 1436 4585 μ
1447 4534 1490 4577 m,

238 4604 259 4647 ct
267 4598 441 4655 Eusebiauum
452 4600 525 4655 illum
537 4600 787 4655 metachronismum
798 4601 944 4670 redarguit,
962 4616 1021 4653 cum
1038 4602 1203 4671 perspicuum
1216 4599 1251 4651 sit
1261 4598 1390 4653 Herodem

240 4680 305 4754 louge
316 4690 377 4739 ante
386 4686 519 4746 lulianum
531 4704 556 4741 n.
565 4687 701 4741 occidisse.
725 4688 755 4741 ln
766 4686 910 4741 Annalibus
927 4702 981 4739 non
993 4703 1033 4750 ι..,
1048 4693 1079 4738 ut
1094 4684 1162 4755 apud
1175 4683 1329 4749 llusebium,
1344 4684 1390 4739 ssd

240 4783 267 4819 sc
276 4786 343 4825 suno
355 4771 455 4827 Iulisne
466 4771 576 4829 Heredis
586 4774 672 4828 obitus
683 4773 797 4844 ponitur,
815 4786 891 4825 aerae
904 4772 1051 4824 communis
1063 4776 1169 4835 octavo,
1184 4770 1230 4841 qui
1239 4776 1331 4825 sextus
1341 4787 1389 4825 nu·

240 4858 322 4909 noan
332 4856 431 4912 debuit

281 4966 344 5019 (lurp.
357 4968 483 5011 Usereeeol.
492 4968 529 5010 lll.
1165 4958 1189 5011 Η
