3650 5642
1284 628 1400 687 cuxvn

246 806 335 845 eorum
343 789 485 853 duntexst,
502 789 561 859 quis
575 788 620 842 ille
631 792 720 843 teotm
731 787 814 859 pudor
823 786 902 841 luerit
911 803 964 841 uou
976 785 1063 852 video,
1075 791 1121 839 sut
1132 786 1190 856 quis
1200 786 1353 857 proecipuus
1365 803 1401 841 ex

246 876 399 941 eeirucim,
417 874 538 945 quodque
548 874 583 927 ed
592 872 757 927 deterrendos
768 890 786 926 e
795 872 902 942 flagitiis
912 870 1032 927 homiues
1043 878 1218 936 momentum,
1233 888 1292 929 cum
1309 873 1400 941 ignoto

247 977 308 1031 quse
319 959 504 1031 profiterentur
515 968 603 1015 esseut
613 959 719 1013 uemiui.
750 960 785 1011 At
794 958 897 1011 secluse
907 956 1072 1011 coulessioue
1083 957 1202 1027 publicus
1213 958 1257 1011 ille
1267 959 1400 1027 poeniteu-

246 1047 308 1099 tium
317 1047 421 1111 luctus,
432 1046 544 1100 obiectio
554 1045 612 1115 ipss
622 1045 677 1108 sui,
688 1044 790 1108 sordes,
800 1042 966 1107 lamentatio,
977 1043 1143 1113 supplicatio,
1155 1048 1307 1112 coeteraque
1318 1043 1344 1096 id
1356 1058 1400 1113 ge·

246 1130 372 1185 nossetis
386 1146 514 1201 msgusm
528 1129 710 1183 verecundism
726 1135 827 1199 prester
843 1145 951 1183 sensum
967 1128 1063 1181 doloris
1079 1128 1232 1191 attuleruut,
1249 1127 1344 1197 quibus
1361 1145 1400 1181 re·

245 1216 352 1271 irsemi
362 1232 381 1269 e
391 1217 463 1270 riuis
473 1222 501 1269 et
509 1217 538 1271 iu
549 1215 637 1269 cilicio
648 1215 774 1269 contineri
784 1220 899 1285 possent
934 1213 1017 1277 Quem
1033 1218 1060 1265 et
1075 1214 1159 1283 ipsum
1173 1212 1256 1267 loteor
1270 1214 1401 1284 publicum

247 1302 373 1371 qusudeur
389 1302 491 1373 peocmi
506 1300 695 1371 professionem
710 1299 801 1353 luisse.
831 1299 872 1353 ed
887 1315 967 1370 quum
984 1298 1121 1353 occesserit
1136 1313 1199 1353 seue
1215 1315 1402 1369 nonnunqum

247 1388 318 1441 stium
326 1403 457 1458 expresse
464 1386 550 1440 uerbis
558 1386 640 1439 slters
648 1386 797 1455 etpublics,
809 1385 855 1439 sed
866 1400 946 1454 quem
957 1398 1010 1437 nou
1021 1384 1076 1439 ulls
1086 1384 1262 1438 ecclesiastice
1272 1384 1315 1437 lex
1327 1400 1401 1454 prse-

247 1474 377 1537 scriueret,
388 1488 422 1525 sc
431 1488 466 1525 ue
476 1472 636 1543 permitteret
646 1471 751 1541 quidem
761 1471 886 1536 fortusse,
897 1470 943 1523 sed
952 1468 1090 1525 vehemens
1099 1470 1186 1540 potius
1195 1468 1268 1523 dolor
1279 1485 1309 1523 ec
1321 1470 1400 1540 piets·

247 1558 276 1610 tis
289 1574 386 1611 sensus
405 1556 567 1611 extunderet
601 1557 720 1626 Denique
737 1555 840 1625 quode
856 1556 946 1626 paucis
963 1554 1101 1625 aliquando
1118 1553 1231 1619 lectum,
1250 1554 1327 1623 idque
1344 1571 1401 1625 pes·

247 1642 362 1707 obscure,
379 1643 519 1712 colligitur,
533 1659 587 1695 uon
601 1641 628 1695 id
643 1640 909 1705 inconsuetudinem,
926 1656 957 1693 sc
972 1642 1054 1695 multo
1069 1640 1155 1693 miuus
1170 1640 1198 1693 iu
1209 1639 1308 1709 legem,
1324 1639 1403 1693 debet

206 1777 210 1784 .
247 1727 336 1782 teierri.
354 1727 432 1792 Quod
442 1726 643 1798 prudentissime
654 1727 688 1780 eb
700 1726 791 1779 eodem
801 1726 847 1779 illo
856 1726 1006 1779 Tridentino
1018 1725 1126 1779 concilio
1138 1724 1283 1779 declaretur
1293 1722 1333 1779 his
1345 1741 1401 1779 rer-

246 1814 293 1866 bis:
314 1813 378 1867 uss
389 1813 506 1866 Christus
519 1830 568 1866 ooo
579 1817 699 1877 osmerii,
713 1816 774 1881 quio
789 1814 883 1881 aliquoi
896 1815 925 1863 io
936 1813 1074 1865 vindictum
1085 1828 1184 1863 suorum
1195 1811 1315 1863 scelerum
1327 1820 1351 1863 et
1361 1814 1402 1863 eui
1426 1828 1448 1868 o.
1456 1816 1501 1857 uit

248 1898 455 1962 mium-eos,
473 1916 529 1950 cusu
545 1898 576 1950 ob
592 1899 702 1951 ciioruss
716 1898 851 1967 exemplum
864 1900 939 1949 eteui
949 1895 1158 1959 humiliationem,
1175 1904 1224 1947 nuru
1236 1896 1265 1947 od
1277 1897 1400 1949 ecclesius

248 1986 351 2052 offensus
361 1985 580 2047 aedificationes,
598 1983 694 2035 delicto
704 2000 752 2035 mc
761 1984 863 2052 publice
874 1984 990 2051 confiteri
995 1986 1090 2051 possit,
1102 2000 1150 2035 nou
1162 1990 1291 2035 esttamen
1303 1980 1350 2033 lou
1362 1982 1401 2033 di·

247 2072 445 2139 risoprueccpto
454 2070 614 2131 mundatum,
626 2084 672 2119 nec
680 2072 745 2119 cutis
753 2069 863 2121 comite
871 2066 983 2119 esmona
993 2069 1080 2136 aliquo
1090 2068 1344 2136 iepeprueeiperemr
1353 2074 1400 2119 etc.

248 2153 339 2208 eddam
348 2160 381 2208 et
392 2153 462 2207 eliud
471 2153 594 2223 denique,
605 2157 636 2207 ut
643 2168 724 2221 quern
731 2168 824 2223 purum
831 2152 883 2207 sibi
890 2152 978 2223 opinio
987 2152 1032 2205 ills
1041 2156 1141 2205 constet
1149 2168 1238 2205 omues
1247 2152 1401 2221 intelligant.

249 2238 477 2310 impoenitentiae
491 2239 610 2309 publices
625 2238 933 2308 pertemconiessiouem
950 2253 1032 2307 seque
1048 2238 1179 2307 publicam
1195 2236 1307 2302 fuciunt,
1323 2236 1402 2293 iidem

248 2324 330 2377 uuicti
339 2342 378 2379 ex
390 2329 465 2395 perte
476 2324 575 2377 occultu
585 2324 695 2377 crimine
705 2323 791 2393 pulum
803 2323 927 2377 declureri
938 2329 1037 2393 negent
1047 2323 1200 2392 oportuisse.
1222 2323 1301 2392 Atqui
1312 2339 1402 2393 scope·

248 2426 346 2464 uumero
357 2415 468 2481 propter
479 2410 581 2463 occulte
591 2409 685 2473 solum,
696 2415 722 2461 et
733 2410 766 2461 sb
777 2410 835 2479 ipso
844 2410 889 2478 qui
900 2409 1066 2463 commiserat
1076 2414 1168 2478 sponte
1179 2408 1288 2477 proditu,
1299 2410 1403 2479 publice

248 2501 285 2547 est
293 2494 392 2549 iniiets
401 2495 569 2565 poenitentis.
590 2494 679 2547 Geruit
688 2501 745 2549 turn
755 2494 836 2563 igitur
846 2494 935 2564 ulique
946 2494 987 2547 sui
999 2499 1084 2564 purte,
1096 2499 1122 2545 et
1134 2492 1237 2562 quidem
1246 2495 1401 2560 uecesseris,

248 2580 344 2649 publice
355 2581 406 2634 ills
415 2580 583 2650 poenitentis.
617 2579 691 2643 Quod
708 2586 796 2633 sutem
812 2580 891 2633 etium
907 2580 1010 2633 ursonis
1027 2578 1168 2633 sceleribus
1184 2579 1287 2649 publice
1304 2578 1403 2633 indicte

248 2666 401 2733 poenitentis
412 2666 459 2729 sit,
475 2665 555 2719 iidem
568 2664 668 2719 isciuut
681 2665 856 2735 antiquissimi
872 2680 997 2730 csuoues,
1013 2664 1140 2735 imprimis
1156 2662 1260 2729 Basilii,
1278 2665 1323 2734 qui
1339 2662 1401 2719 (lun.

249 2766 294 2803 mr.
304 2750 338 2803 sd
349 2748 575 2821 Amphilochium,
586 2750 618 2824 de
629 2750 686 2803 iure
697 2751 735 2804 sic
746 2750 878 2821 prsecipit
910 2749 939 2803 Si
951 2750 1009 2820 quis
1021 2755 1114 2819 sponte
1125 2766 1174 2803 sus
1184 2750 1353 2805 commissum
1364 2749 1403 2804 le·
1432 2742 1440 2759 ‘

249 2841 330 2901 testur,
342 2842 376 2889 ut
387 2852 441 2889 uuo
451 2834 579 2889 duutsxst
589 2851 658 2889 mnu
669 2836 855 2906 poenitentium
866 2834 950 2889 obest.
983 2834 1030 2889 Sin
1041 2836 1175 2889 conuictus
1187 2852 1216 2889 uc
1229 2834 1402 2906 deprehensus

249 2918 330 2986 merit,
340 2920 460 2977 biennio.
482 2920 513 2974 In
525 2920 604 2977 Gonu.
617 2919 740 2991 Gsnhug.
751 2938 790 2975 ru.
803 2920 868 2976 Gon.
880 2938 964 2975 nuru.
977 2920 1107 2975 decretum
1120 2926 1174 2986 eet,
1188 2930 1215 2973 ur
1222 2922 1354 2991 presbyter
1364 2925 1401 2975 io·

250 3008 352 3061 counito
363 3011 483 3077 episcopo
494 3025 542 3060 noo
552 3008 700 3059 reconciliet
705 3010 883 3076 poenitentem,
896 3010 947 3059 orici
958 3008 1060 3060 udseote
1072 3012 1200 3077 episcopo,
1219 3018 1244 3060 et
1255 3012 1402 3061 rrmeoeitate

250 3100 351 3159 wenis.
387 3092 559 3161 Cuiuscunque
575 3101 658 3145 cutem
671 3095 824 3161 poenitentis
837 3092 966 3160 publicum
985 3101 1009 3145 et
1025 3093 1221 3159 oulyutissimom
1244 3096 1338 3145 crimen
1358 3103 1401 3157 est,

250 3180 306 3243 quod
313 3182 438 3231 sosoma
449 3178 559 3230 ecclesio
570 3181 678 3240 emerit,
690 3186 750 3230 arcte
762 3178 875 3245 apsidem
887 3194 977 3229 manse
989 3180 1013 3227 ei
1022 3180 1174 3246 imponetur.
1191 3177 1262 3231 Heec
1273 3178 1331 3246 ipss
1342 3194 1402 3231 con·

250 3262 295 3315 tilii
304 3264 408 3317 noerio
419 3262 562 3316 clarissime
572 3261 718 3333 significet,
733 3262 785 3315 slis
800 3267 902 3332 praeter
916 3261 1020 3331 publico
1030 3261 1112 3315 iuisss
1124 3270 1242 3331 peccatu,
1260 3278 1326 3332 quse
1341 3279 1402 3332 poe·

249 3347 349 3402 meru·
359 3348 547 3412 coircereutur,
563 3363 625 3401 cum
639 3364 655 3401 s
671 3347 781 3401 coeteris
791 3347 896 3417 publice
910 3346 1066 3399 nominatim
1084 3346 1205 3417 excipiet.
1239 3346 1337 3401 Deinde
1354 3364 1402 3401 nee

250 3432 304 3485 illud
315 3434 428 3487 obscure
438 3432 576 3502 colligitur,
593 3432 617 3485 si
633 3433 700 3496 ulis,
716 3432 821 3501 qualem
832 3432 876 3485 isti
886 3430 1002 3501 fingunt,
1019 3432 1124 3501 publicu
1134 3431 1227 3485 inisset
1237 3439 1402 3502 peccatorum

250 3518 384 3583 teuiessio,
396 3534 501 3589 pertuso
511 3524 599 3571 tumen
609 3534 688 3571 usum
697 3518 768 3571 illius
779 3517 909 3571 incidisse.
926 3516 993 3571 Num
1004 3518 1027 3570 si
1039 3518 1141 3587 publice
1153 3524 1178 3570 et
1186 3518 1213 3571 iu
1222 3517 1350 3588 frequenti
1361 3536 1402 3573 sc·

251 3602 336 3656 tlemus
347 3609 478 3658 conuentu
488 3604 541 3656 ism
551 3618 583 3656 es
593 3602 779 3673 prodidissent,
794 3620 840 3657 cur
850 3605 878 3657 in
895 3602 1116 3657 manifestissimis
1132 3602 1259 3657 duutust
1274 3604 1403 3675 certisque

250 3688 395 3743 tuimirribus
405 3704 499 3741 msuus
510 3690 543 3741 iis
554 3693 615 3741 sute
625 3688 743 3741 sbsidem
753 3689 912 3757 imponitur?
941 3687 1040 3758 Quippe
1053 3688 1168 3741 omnium
1181 3689 1237 3741 siue
1249 3689 1302 3743 ullo
1314 3689 1403 3745 discri-

251 3774 311 3826 mine
321 3774 512 3845 poeniteutium
522 3780 631 3844 peccatu
640 3773 693 3826 iem
704 3780 779 3826 erent
787 3774 892 3827 illorum
903 3773 1065 3827 confessione
1076 3774 1223 3827 mouileetu.
1240 3774 1330 3845 Neque
1342 3792 1402 3831 uero

251 3855 294 3910 dici
306 3858 377 3919 istud
393 3864 491 3929 potest,
507 3860 602 3912 illustri
612 3858 702 3928 sliqus
712 3859 850 3913 cutoritete
861 3865 977 3912 ueterum
989 3874 1019 3911 sc
1031 3865 1133 3929 potrum
1146 3860 1194 3913 uiti
1210 3860 1400 3915 confessionem

252 3940 319 3996 itum
329 3944 473 4014 publicum.
496 3943 562 3997 Nem
573 3949 676 4013 praeter
686 3943 881 4008 Nestorisusrm
893 3944 931 3997 nti
944 3944 1070 4007 diximus,
1084 3944 1218 3997 historiam
1231 3944 1295 3999 nihil
1307 3953 1347 3999 est
1358 3946 1401 3999 ud·

251 4028 361 4093 nodum,
372 4028 407 4082 sd
417 4028 487 4098 quod
499 4030 647 4083 coniectore
656 4029 702 4081 ills
712 4029 795 4099 possit
806 4028 997 4083 sdhseroscere.
1021 4028 1072 4083 Sed
1087 4028 1137 4082 hoe
1149 4044 1229 4099 quem
1240 4030 1317 4084 iuuue
1328 4046 1401 4101 pree·

251 4111 336 4167 sidium
347 4114 384 4167 sit
393 4114 500 4183 copiose
510 4114 754 4167 demonstrsriurus.
778 4114 939 4168 Intellectum
951 4120 991 4167 est
1002 4114 1085 4175 enirn,
1101 4129 1154 4167 uon
1169 4116 1284 4168 mulieris
1296 4116 1401 4185 publice

252 4198 462 4252 culminum
476 4198 653 4265 couiessioueu
669 4199 714 4253 sed
730 4198 833 4253 uliuude
850 4205 969 4270 stuprum
985 4198 1048 4251 illud
1061 4214 1118 4251 esso
1130 4206 1303 4270 compertum,
1319 4205 1401 4253 totum

251 4280 354 4353 isuiqne
361 4284 482 4361 publicse
495 4282 667 4337 confessionis
675 4284 837 4353 trugoedism
848 4285 882 4338 ab
890 4284 1037 4354 interpretis
1049 4298 1134 4336 errore
1146 4284 1300 4348 derivatum,
1312 4285 1357 4353 qni
1368 4284 1402 4337 ed

252 4364 284 4430 ii,
297 4368 367 4437 quod
382 4368 503 4423 Semeles
520 4370 671 4439 scripserat,
689 4371 789 4437 loupius
795 4388 961 4439 propomam
977 4386 1028 4421 esse
1041 4369 1180 4434 mulierem,
1196 4370 1247 4422 levi
1262 4369 1401 4435 additione,

253 4451 291 4503 red
299 4468 398 4525 mogus
409 4454 525 4507 seritstis
535 4452 627 4507 frende
639 4456 772 4523 confitendi
781 4455 937 4508 vocobulum
952 4452 1079 4505 adiunxit.
1114 4454 1221 4508 Caeters
1237 4454 1348 4523 denique
1364 4456 1402 4509 its

253 4540 387 4608 conposito
401 4540 595 4610 explenstsque
611 4544 684 4603 suut,
701 4540 802 4593 nullum
819 4544 849 4592 nt
863 4538 924 4593 iude
939 4538 1028 4591 lucum
1040 4538 1204 4608 coloremque
1215 4540 1266 4593 sibi
1277 4542 1402 4595 ementito

253 4619 427 4677 ilueoniusio
437 4626 522 4695 possit
531 4640 669 4678 sucessme.
687 4624 812 4695 Superest
820 4624 939 4695 Origeuis
949 4640 1017 4677 uuus
1026 4624 1122 4677 alterve
1131 4624 1216 4689 locus,
1228 4625 1272 4693 qui
1281 4625 1401 4694 publicae

255 4706 414 4763 tuuleseienls
423 4709 597 4780 suspicionem
609 4710 725 4780 sliqusrn
735 4712 819 4781 possit
829 4710 943 4763 iniicere.
962 4708 1012 4762 Sed
1024 4709 1047 4761 si
1056 4708 1206 4779 diligentius
1216 4710 1400 4777 consideretur,

255 4789 366 4848 {dvorsus
375 4794 436 4849 illos
447 4795 519 4865 ipsos
530 4809 689 4865 magnopere
700 4801 813 4865 pugnat,
826 4795 871 4864 qui
882 4795 938 4847 eius
950 4810 978 4846 se
989 4794 1117 4865 pruesidio
1130 4793 1278 4849 deieudunt.
1312 4795 1401 4867 Orige-

256 4878 471 4950 uesitsquellom.
478 4896 507 4935 u.
516 4880 545 4933 in
553 4878 703 4936 Psmuro
712 4896 743 4933 es
751 4880 858 4934 Doridis
866 4880 946 4933 serbo
954 4880 1098 4934 declusus:
1109 4880 1198 4932 Amici
1205 4884 1254 4935 soei
1262 4886 1403 4953 etprosims'
