3650 5642
440 590 516 647 ctvt

438 744 543 799 modurn
560 744 723 813 deflexerint,
741 752 770 799 nt
787 747 863 817 paulo
880 752 942 819 post
959 748 1063 819 copiose
1079 746 1259 813 declarabitur,
1277 748 1340 817 alia,
1361 749 1386 802 si
1405 750 1535 821 sapimus,
1553 749 1589 803 in·

438 830 550 885 suenda
561 831 602 884 ria
613 838 666 897 eet,
683 838 712 885 ut
729 834 866 887 autoritate
882 834 968 903 magis
984 833 1139 903 scriptorum
1151 839 1266 887 veterum
1278 850 1309 887 ac
1321 851 1449 889 consensu
1460 850 1541 905 quarn
1551 851 1589 887 aa·

439 921 528 969 curata
539 916 686 970 coelestium
698 922 815 971 motuum
828 918 1000 990 descriptione
1010 919 1131 971 nitamur.

506 1001 539 1054 At
548 1018 608 1056 vcro
625 1001 676 1055 init
690 1002 736 1057 illa
752 1004 866 1057 maxime
884 1003 1030 1057 communis
1047 1004 1222 1074 antiquiorum
1239 1004 1339 1075 opinio,
1356 1002 1487 1059 Christum
1498 1004 1592 1058 Tiberii

439 1102 506 1139 anno
519 1104 603 1153 nnn,
620 1086 720 1141 labano
733 1106 820 1143 nxxvr.
837 1105 945 1159 passum
961 1104 1033 1153 esse;
1049 1087 1119 1159 quod
1135 1088 1295 1159 Epiphanius
1311 1090 1449 1160 amplexus
1464 1098 1520 1156 ast,
1535 1106 1592 1143 cum

438 1187 535 1225 annum
549 1172 621 1225 illum
636 1172 784 1243 designarit
799 1190 850 1244 quo
863 1174 981 1227 Tiberius
993 1192 1028 1229 rr.
1048 1181 1074 1227 et
1085 1173 1196 1228 Seianus
1209 1192 1276 1229 coss.
1291 1174 1409 1241 inerunt,
1427 1176 1500 1245 cpclo
1517 1177 1591 1229 lunae

438 1274 506 1322 xrrn,
523 1258 584 1311 solis
597 1276 655 1323 xn.;
672 1260 720 1312 etsi
731 1259 860 1313 Vinicium
872 1266 898 1312 ct
910 1258 1058 1329 Longinum
1069 1276 1205 1331 perperam
1217 1259 1358 1326 adscribat,
1375 1261 1445 1331 quod
1454 1276 1503 1332 par
1515 1278 1592 1313 unum

438 1358 504 1397 coss.
515 1343 543 1395 in
553 1342 604 1397 duo
617 1342 774 1401 distraxerit.
807 1344 854 1399 ilat
865 1350 953 1399 autem
964 1345 987 1397 is
1000 1361 1083 1397 annus
1096 1344 1197 1416 Olymp.
1208 1360 1272 1399 ccn.
1280 1345 1409 1399 secundus
1420 1346 1527 1411 exieus,
1541 1362 1591 1417 par.

438 1425 550 1481 Iulianae
561 1428 635 1483 4744.
670 1428 821 1483 Cuiusmodi
835 1446 963 1483 annorum
974 1446 1072 1483 nexum
1083 1430 1256 1483 certissimum
1268 1447 1326 1484 csse
1337 1431 1466 1485 rationum
1478 1432 1592 1485 omnium

438 1518 568 1567 momenta
585 1514 748 1584 persuadent
783 1514 857 1578 Quod
874 1520 962 1568 autem
979 1516 1076 1569 Tiberii
1089 1533 1154 1571 xvir.
1172 1522 1297 1579 excunte,
1315 1514 1532 1581 Iulianarum,
1549 1515 1594 1567 hoc

439 1602 478 1651 est
490 1598 559 1668 cyclo
572 1616 629 1653 ιω.
641 1615 734 1669 passus
747 1600 793 1664 sit,
808 1599 1014 1653 demonstratum
1025 1606 1066 1654 cst
1077 1616 1093 1652 a
1103 1600 1242 1670 plerisque.
1275 1598 1342 1668 Nos,
1360 1602 1484 1671 quoniam
1500 1603 1538 1655 ita
1552 1618 1592 1654 nc·

439 1700 508 1737 cesae
521 1688 571 1749 est,
583 1700 685 1739 summa
697 1684 880 1755 probationum
892 1686 978 1755 capita
988 1685 1136 1739 libabimus.

505 1768 625 1823 Omnium
636 1770 718 1840 primo
731 1774 805 1823 vetus
817 1770 860 1823 illa
872 1770 976 1823 traditio
989 1776 1042 1835 est,
1059 1786 1139 1841 quarn
1153 1771 1181 1823 in
1193 1769 1356 1825 Caesariensi
1367 1772 1477 1825 concilio
1495 1776 1591 1825 sccutm

438 1870 494 1907 esse
502 1860 587 1925 patres
597 1855 773 1925 fragmentum
781 1854 845 1907 illud
858 1855 967 1921 indicat,
980 1854 1048 1926 quod
1057 1854 1128 1909 Beda
1137 1854 1284 1925 descripsit,
1295 1856 1342 1909 ubi
1350 1846 1468 1911 Christus
1479 1872 1515 1909 ea
1525 1860 1592 1909 nocte

438 1939 545 1993 traditus
557 1939 649 1993 dicitnr
662 1954 728 2009 quae
742 1938 859 2009 seqnitur
876 1958 912 1995 rr.
925 1940 982 1993 Kal.
993 1942 1067 2011 Apa,
1083 1956 1178 2011 passus
1190 1957 1250 1993 vero
1266 1959 1292 1996 x.
1305 1940 1361 1996 Kal
1372 1942 1433 2013 Aps.
1452 1949 1533 2012 atquc
1545 1958 1592 1994 rna

437 2024 494 2079 ilat
507 2024 686 2079 resurrexisse.
707 2023 789 2094 Igitur
800 2025 900 2079 literam
913 2025 1058 2079 dominicae
1069 2025 1150 2079 tuisse
1163 2024 1187 2079 G
1198 2041 1305 2080 necesse
1317 2034 1368 2090 est,
1380 2027 1455 2097 cyclo
1466 2028 1531 2080 solis
1542 2044 1593 2087 111,

439 2127 515 2180 quern
532 2125 615 2163 annus
632 2110 748 2163 lulianus
760 2128 848 2165 nxxvr.
866 2110 980 2167 exhibet
1014 2110 1066 2165 Sed
1080 2110 1149 2181 quod
1164 2109 1290 2164 Deterius
1307 2118 1397 2165 noster
1410 2110 1478 2166 hanc
1494 2118 1593 2183 panum

438 2194 585 2267 opinionem
594 2196 661 2249 sedis
675 2198 830 2265 apostolicae
841 2198 1040 2249 declarationem
1053 2214 1086 2247 nc
1096 2197 1162 2247 uelut
1169 2198 1293 2249 ecclesiae
1302 2198 1467 2261 definitionem
1477 2198 1592 2268 appellat,

437 2278 516 2335 nihilo
527 2280 554 2335 ld
564 2281 650 2334 rarius
662 2288 703 2334 eat
713 2296 793 2351 quam
805 2281 874 2351 quod
885 2281 976 2335 eadem
992 2281 1020 2333 in
1035 2280 1136 2350 synodo
1150 2280 1249 2335 dictum
1265 2291 1316 2347 est,
1332 2282 1528 2352 aequinoctium
1538 2298 1591 2335 aar.

437 2366 523 2421 Martii
535 2366 673 2432 committi,
689 2382 757 2421 auno
770 2364 865 2420 Christi
876 2382 998 2431 cacum„
1011 2372 1048 2431 st,
1060 2366 1130 2437 quod
1140 2366 1219 2436 longa
1230 2367 1368 2421 absurdius
1379 2374 1433 2433 est,
1449 2368 1542 2421 eodem
1551 2366 1591 2419 illo

438 2453 478 2507 die
489 2453 562 2507 initio
575 2452 672 2506 confflti
681 2452 751 2505 orbis
759 2451 883 2507 haesisse.
900 2451 998 2505 Notum
1010 2452 1080 2505 cuim
1091 2459 1132 2505 est
1142 2452 1256 2505 rationes
1268 2453 1353 2522 ipsas,
1364 2468 1431 2523 quac
1442 2453 1473 2506 in
1483 2452 1592 2507 conciliis

437 2538 586 2603 afferuntur,
597 2554 682 2607 neque
694 2553 768 2591 veras
780 2554 837 2589 csse
848 2544 987 2608 perpetuo,
1002 2554 1087 2607 neque
1103 2538 1169 2591 inter
1184 2537 1245 2591 fidei
1262 2537 1365 2591 decreta
1375 2538 1485 2592 censeri.
1516 2537 1591 2591 Habet

437 2631 524 2677 tamen
536 2623 660 2675 autoritas
672 2622 718 2675 illa
729 2638 894 2675 communem
906 2622 937 2676 de
945 2622 1074 2693 passionis
1086 2623 1332 2693 resurrectionisque
1342 2623 1383 2675 die
1391 2621 1592 2677 fidcmretnstis·

437 2710 560 2762 simorum
572 2712 731 2776 temporum3
749 2707 781 2759 ad
798 2724 876 2777 quam
894 2713 922 2761 et
932 2708 975 2760 illa
991 2707 1157 2776 adiungenda
1171 2708 1321 2761 testimonia
1331 2713 1393 2761 sunt
1404 2708 1501 2778 quibus
1512 2708 1591 2779 passio

437 2792 534 2847 domini
546 2808 570 2846 a.
582 2790 606 2845 d.
618 2810 644 2847 x.
656 2790 714 2845 Kal.
726 2792 802 2861 Apr,
814 2792 862 2845 hoc
875 2798 916 2845 est
927 2810 1002 2846 xxrrr.
1014 2792 1114 2857 Martii,
1126 2793 1279 2847 resurrectio
1290 2809 1352 2845 uero
1363 2793 1391 2847 in
1403 2812 1459 2847 vnn.
1468 2793 1528 2848 Kal·
1538 2810 1591 2847 con·
1622 2793 1623 2798 ’

436 2878 533 2943 licitur,
545 2893 624 2947 quam
637 2876 742 2929 Graecis
754 2877 844 2929 tribuit
854 2876 951 2930 Paulus
962 2876 1175 2947 Forosempron.,
1187 2885 1213 2931 et
1222 2878 1374 2931 Lactantius
1384 2884 1492 2933 secutus
1503 2884 1544 2933 est
1552 2876 1591 2931 lib.

436 2982 484 3026 rr..
501 2978 558 3033 cap.
571 2981 596 3017 x.
631 2960 682 3015 Ubi
697 2962 791 3015 asserit
807 2977 876 3015 anno
889 2979 932 3016 xv.
944 2962 1053 3026 liberii,
1072 2960 1189 3017 Geminis
1205 2963 1307 3017 duobus
1321 2979 1403 3029 coss,
1419 2969 1482 3017 ants
1493 2964 1590 3017 diemn

436 3048 493 3103 Kal.
502 3049 563 3119 Apr.
576 3046 706 3101 Christum
718 3048 788 3101 cruci
800 3046 919 3101 affixum.
942 3046 994 3101 Sed
1005 3064 1051 3118 pro
1063 3065 1089 3102 x.
1098 3047 1156 3103 Kal.
1169 3048 1276 3118 quidam
1287 3048 1389 3102 codices
1401 3066 1446 3103 ru.
1458 3048 1561 3103 habeut

502 3132 599 3189 Paulus
611 3150 672 3189 vero
684 3132 881 3205 Forosetupron.
894 3138 955 3187 anta
966 3132 1035 3187 dem
1046 3133 1174 3187 decimam
1183 3134 1359 3188 hlaudmum
1370 3133 1439 3187 idem
1454 3150 1515 3187 esse
1525 3135 1591 3203 putat

438 3220 507 3291 quod
518 3238 554 3275 ur.
565 3220 630 3287 liat,
642 3225 668 3273 et
678 3219 752 3273 Pauli
763 3219 902 3273 Iuriscons.
915 3220 1002 3273 uerbis
1012 3220 1101 3285 utitur,
1113 3220 1159 3290 qui
1169 3220 1219 3273 sit:
1232 3220 1299 3272 Ante
1311 3221 1377 3272 dicas
1386 3218 1589 3273 nKulesdursa

438 3316 528 3377 etpost
539 3308 603 3361 diem
619 3306 1046 3377 1.Kul.ocqaeutroqucscratoac
1060 3324 1096 3359 11.
1109 3307 1164 3359 daca
1174 3307 1326 3373 riqaificuri.
1362 3304 1459 3358 Verum
1473 3302 1590 3358 mendosa

437 3393 513 3447 lectio
524 3392 633 3447 Paulum
644 3390 934 3461 Forosemprouienscm
944 3391 972 3443 in
984 3406 1096 3443 errorem
1107 3390 1218 3443 induxit
1240 3388 1309 3443 Nam
1323 3390 1369 3446 lib.
1381 3404 1483 3445 cmm
1497 3392 1521 3457 ξ.
1532 3388 1553 3441 l.
1562 3384 1590 3437 da
1620 3381 1621 3386 '

436 3476 830 3547 Vero.signir.1urise0nsuuns
842 3476 879 3527 ita
889 3474 1051 3544 pronunciat
1068 3477 1104 3528 A.
1113 3477 1138 3529 d.
1147 3493 1172 3529 x.
1182 3475 1244 3528 liat
1253 3484 1313 3545 post
1324 3478 1389 3529 deca
1400 3492 1425 3529 x.
1435 3474 1499 3529 Kal.
1512 3482 1590 3527 aestro

436 3564 855 3627 sermmandlassr'paificnutar.
889 3557 965 3611 Certe
982 3558 1043 3612 ad.
1060 3558 1155 3613 uliud
1171 3560 1240 3613 idem
1252 3559 1492 3631 estquoduKal„
1510 3574 1590 3629 quem·
1619 3569 1620 3630 l

436 3645 576 3700 admodum
594 3652 653 3699 ante
669 3644 727 3701 Kal.
746 3644 878 3715 proximas
895 3643 964 3697 idem
979 3651 1019 3696 est
1034 3644 1104 3714 quod
1117 3644 1175 3699 Kal
1190 3646 1317 3716 proximis
1331 3646 1377 3699 lib.
1390 3644 1433 3699 56.
1451 3648 1475 3712 ξ.
1493 3646 1544 3707 Qui
1556 3647 1589 3693 ito
1619 3635 1620 3678 l

436 3732 580 3799 stipulatur.
598 3730 629 3783 D.
641 3729 672 3782 da
684 3729 759 3781 verb.
770 3728 827 3781 obt
845 3726 1005 3781 snbauditnr
1016 3730 1086 3783 anim
1096 3730 1206 3800 aliquid,
1218 3736 1248 3783 ut
1257 3732 1293 3785 sit
1303 3731 1405 3801 integra
1415 3730 1526 3785 locutio:
1538 3736 1589 3781 uate

437 3818 503 3869 diem
516 3816 663 3869 absolutum.
681 3814 746 3869 ilinc
758 3820 798 3865 est
809 3812 878 3883 qnod
889 3812 1039 3867 Gallicanas
1050 3815 1174 3869 ecclcsiae
1185 3816 1379 3871 resurrectionis
1390 3814 1488 3869 testum
1498 3817 1526 3869 in
1536 3830 1589 3869 aar·

436 3901 524 3957 Martii
535 3900 684 3964 defixerint,
702 3904 732 3953 ut
749 3903 824 3951 autor
841 3904 881 3953 ast
897 3898 980 3963 Beda;
999 3900 1082 3970 quiet
1097 3900 1153 3971 ipse
1170 3900 1215 3955 lib.
1227 3900 1259 3954 de
1270 3902 1360 3971 Temp.
1371 3901 1431 3955 Rat.
1448 3918 1505 3972 cap.
1518 3914 1587 3955 nuru
1618 3879 1619 3972 Ι

437 3986 534 4042 decimo
546 3985 604 4041 Kal.
617 4000 724 4055 passum
736 3984 870 4039 existimat
882 3983 1026 4050 Christum
1041 3986 1091 4039 etsi
1102 4001 1157 4056 cap.
1167 4003 1249 4040 xnvrr.
1264 3986 1291 4039 id
1306 4004 1363 4041 vsu.
1374 3986 1432 4041 ΚΑΙ.
1446 3986 1544 4040 metum
1553 3998 1587 4035 as·

437 4076 545 4129 sereret.
580 4070 657 4125 Plura
669 4071 737 4142 apud
748 4068 888 4125 Dekerium
899 4069 981 4124 rideri
991 4079 1108 4140 possunt.
1143 4069 1243 4134 Quibus
1256 4072 1411 4125 testimoniis
1422 4070 1541 4135 efficitur,
1553 4068 1588 4121 lu·
1617 4101 1618 4106 κ

435 4160 506 4215 liano
518 4174 607 4212 uxxrr.
625 4172 734 4227 passum
750 4172 807 4211 esse
825 4154 973 4221 dominum,
988 4156 1076 4209 Martii
1087 4174 1163 4211 sarra
1197 4156 1281 4225 Atque
1292 4154 1357 4209 haec
1367 4156 1473 4227 insuper
1483 4152 1586 4210 Atricaui

438 4242 608 4301 vetustissimi
619 4238 734 4311 theologi
745 4241 874 4295 sententia
885 4240 947 4305 tuit,
964 4240 1009 4309 qui
1024 4257 1133 4311 passum
1143 4240 1225 4295 voluit
1237 4240 1367 4295 Christum
1382 4258 1452 4295 anno
1465 4258 1483 4295 r.
1495 4242 1586 4311 olymp.

438 4346 514 4393 ocra,
526 4334 555 4383 ut
566 4326 644 4381 retert
651 4325 788 4381 Eusebius.
806 4326 854 4380 Cui
866 4331 893 4379 et
902 4325 992 4379 Patres
1003 4326 1041 4379 illi
1052 4324 1189 4395 suffragati
1200 4332 1273 4392 suut,
1285 4327 1331 4396 qui
1342 4344 1415 4381 uvrrr.
1422 4326 1519 4381 Tiberii
1527 4338 1585 4379 anuo

438 4415 578 4485 contigisse
590 4417 702 4465 narrant.
738 4412 805 4465 Nam
816 4411 912 4465 Tiberii
928 4426 1011 4463 annos
1027 4410 1131 4464 ludaico
1143 4412 1185 4463 vel
1200 4412 1376 4466 ecclesiastico
1393 4428 1466 4465 more
1481 4413 1515 4465 ab
1525 4415 1585 4465 aute⁴

438 4498 543 4553 cedente
555 4498 637 4551 Nisan
648 4502 792 4551 numerant.
827 4496 905 4565 Atqui
922 4511 991 4549 auno
1007 4496 1107 4549 Iuliano
1119 4512 1207 4551 nruvr.
1221 4495 1356 4551 desinente
1370 4496 1471 4551 decimo
1487 4496 1584 4568 sepem

437 4582 533 4637 Tiberii
545 4601 619 4639 xvrrr.
632 4582 697 4637 iniit.
725 4580 793 4645 Quin
810 4582 890 4635 etiam
902 4580 1059 4651 Apollinaris
1070 4580 1231 4633 Laodicenos
1247 4582 1317 4651 apud
1327 4582 1515 4650 Hieronymum
1527 4594 1584 4635 tou·
1615 4651 1616 4654 Ἰ

437 4672 517 4723 ment
531 4668 563 4721 ad
575 4684 631 4738 cap.
641 4685 678 4723 rx.
689 4666 755 4722 Dan.
769 4684 828 4721 cum
843 4672 903 4737 post
918 4682 1018 4719 annum
1033 4665 1163 4736 passionis
1179 4665 1323 4721 dominicae
1339 4684 1388 4721 sex
1402 4666 1500 4721 Tiberii
1513 4676 1584 4719 anua

438 4758 584 4817 enumerat,
601 4754 706 4807 omnino
722 4768 828 4822 passum
840 4752 979 4805 arbitratur
989 4757 1102 4805 exeunte
1113 4768 1177 4805 svn.
1199 4751 1332 4807 Accedunt
1342 4759 1369 4806 et
1380 4758 1509 4807 certorum
1519 4753 1584 4805 inter·

438 4836 507 4893 ralla
515 4842 674 4907 temporum,
686 4836 907 4909 quaeapassione
917 4842 1106 4908 computantur.
1124 4834 1158 4891 Ut
1165 4852 1226 4891 cum
1234 4837 1343 4893 lacobus
1351 4838 1436 4893 minor
1445 4844 1583 4893 rausum
1614 4913 1615 4920 ἵ
