<?xml version="1.0" encoding="UTF-8"?>
<!DOCTYPE html PUBLIC "-//W3C//DTD XHTML 1.0 Transitional//EN"
    "http://www.w3.org/TR/xhtml1/DTD/xhtml1-transitional.dtd">
<html xmlns="http://www.w3.org/1999/xhtml" xml:lang="en" lang="en">
 <head>
  <title>
</title>
<meta http-equiv="Content-Type" content="text/html;charset=utf-8" />
  <meta name='ocr-system' content='tesseract 3.04.00' />
  <meta name='ocr-capabilities' content='ocr_page ocr_carea ocr_par ocr_line ocrx_word'/>
</head>
<body>
  <div class='ocr_page' id='page_1' title='image "./sepiphaniiepisc00epipgoog_0021.png"; bbox 0 0 3650 5642; ppageno 0'>
   <div class='ocr_carea' id='block_1_1' title="bbox 1333 607 1382 663">
    <p class='ocr_par' dir='ltr' id='par_1_1' title="bbox 1333 607 1382 663">
     <span class='ocr_line' id='line_1_1' title="bbox 1333 607 1382 663; baseline 0 0"><span class='ocrx_word' id='word_1_1' title='bbox 1333 607 1382 663; x_wconf 83' lang='lat' dir='ltr'><strong>vn</strong></span> 
     </span>
    </p>
   </div>
   <div class='ocr_carea' id='block_1_2' title="bbox 238 761 1383 1434">
    <p class='ocr_par' dir='ltr' id='par_1_2' title="bbox 238 761 1383 1434">
     <span class='ocr_line' id='line_1_2' title="bbox 242 761 1380 839; baseline -0.005 -17"><span class='ocrx_word' id='word_1_2' title='bbox 242 769 277 839; x_wconf 75' lang='lat' dir='ltr'><strong>qui</strong></span> <span class='ocrx_word' id='word_1_3' title='bbox 289 765 415 822; x_wconf 75' lang='lat' dir='ltr'><strong>sitissed</strong></span> <span class='ocrx_word' id='word_1_4' title='bbox 424 764 551 821; x_wconf 79' lang='lat' dir='ltr'><strong>liseioris</strong></span> <span class='ocrx_word' id='word_1_5' title='bbox 560 764 617 820; x_wconf 78' lang='lat' dir='ltr'><strong>filio</strong></span> <span class='ocrx_word' id='word_1_6' title='bbox 630 763 744 830; x_wconf 85' lang='lat' dir='ltr'><strong>oriundi,</strong></span> <span class='ocrx_word' id='word_1_7' title='bbox 761 763 800 818; x_wconf 88' lang='lat' dir='ltr'><strong>eit</strong></span> <span class='ocrx_word' id='word_1_8' title='bbox 808 761 957 830; x_wconf 82' lang='lat' dir='ltr'><strong>llimelrius,</strong></span> <span class='ocrx_word' id='word_1_9' title='bbox 974 777 1008 818; x_wconf 86' lang='lat' dir='ltr'><strong>ex</strong></span> <span class='ocrx_word' id='word_1_10' title='bbox 1025 777 1081 834; x_wconf 87' lang='lat' dir='ltr'><strong>oep.</strong></span> <span class='ocrx_word' id='word_1_11' title='bbox 1092 779 1158 818; x_wconf 88' lang='grc' dir='ltr'><strong>ιιιι.</strong></span> <span class='ocrx_word' id='word_1_12' title='bbox 1177 761 1241 818; x_wconf 81' lang='lat' dir='ltr'><strong>Gen.</strong></span> <span class='ocrx_word' id='word_1_13' title='bbox 1258 777 1326 818; x_wconf 88' lang='lat' dir='ltr'><strong>eom.</strong></span> <span class='ocrx_word' id='word_1_14' title='bbox 1339 762 1380 816; x_wconf 77' lang='grc' dir='ltr'><strong>ΣΙ.</strong></span> 
     </span>
     <span class='ocr_line' id='line_1_3' title="bbox 240 847 1382 922; baseline -0.005 -15"><span class='ocrx_word' id='word_1_15' title='bbox 240 854 295 906; x_wconf 85' lang='lat' dir='ltr'><strong>ilsec</strong></span> <span class='ocrx_word' id='word_1_16' title='bbox 304 869 336 907; x_wconf 84' lang='lat' dir='ltr'><strong>en</strong></span> <span class='ocrx_word' id='word_1_17' title='bbox 345 853 485 916; x_wconf 77' lang='lat' dir='ltr'><strong>liebrseis,</strong></span> <span class='ocrx_word' id='word_1_18' title='bbox 496 865 655 922; x_wconf 73' lang='lat' dir='ltr'><strong>quemquem</strong></span> <span class='ocrx_word' id='word_1_19' title='bbox 667 848 742 903; x_wconf 81' lang='lat' dir='ltr'><strong>sliter</strong></span> <span class='ocrx_word' id='word_1_20' title='bbox 752 850 827 903; x_wconf 75' lang='lat' dir='ltr'><strong>Abeu</strong></span> <span class='ocrx_word' id='word_1_21' title='bbox 838 848 918 914; x_wconf 77' lang='lat' dir='ltr'><strong>liure,</strong></span> <span class='ocrx_word' id='word_1_22' title='bbox 934 853 960 902; x_wconf 86' lang='lat' dir='ltr'><strong>et</strong></span> <span class='ocrx_word' id='word_1_23' title='bbox 970 864 1004 902; x_wconf 84' lang='lat' dir='ltr'><strong>ex</strong></span> <span class='ocrx_word' id='word_1_24' title='bbox 1015 847 1114 902; x_wconf 84' lang='lat' dir='ltr'><strong>Letinis</strong></span> <span class='ocrx_word' id='word_1_25' title='bbox 1125 848 1289 918; x_wconf 77' lang='lat' dir='ltr'><strong>Hieroymns.</strong></span> <span class='ocrx_word' id='word_1_26' title='bbox 1315 847 1382 903; x_wconf 78' lang='lat' dir='ltr'><strong>Nem</strong></span> 
     </span>
     <span class='ocr_line' id='line_1_4' title="bbox 241 933 1380 1008; baseline -0.004 -16"><span class='ocrx_word' id='word_1_27' title='bbox 241 955 282 991; x_wconf 87' lang='grc' dir='ltr'><strong>ιιι</strong></span> <span class='ocrx_word' id='word_1_28' title='bbox 291 938 382 992; x_wconf 71' lang='lat' dir='ltr'><strong>dirmsi</strong></span> <span class='ocrx_word' id='word_1_29' title='bbox 391 951 498 1008; x_wconf 90' lang='lat' dir='ltr'><strong>prorsus</strong></span> <span class='ocrx_word' id='word_1_30' title='bbox 508 937 614 990; x_wconf 77' lang='lat' dir='ltr'><strong>obeunt</strong></span> <span class='ocrx_word' id='word_1_31' title='bbox 638 935 679 988; x_wconf 80' lang='lat' dir='ltr'><strong>Ex</strong></span> <span class='ocrx_word' id='word_1_32' title='bbox 690 935 723 988; x_wconf 91' lang='lat' dir='ltr'><strong>iis</strong></span> <span class='ocrx_word' id='word_1_33' title='bbox 734 935 865 1004; x_wconf 85' lang='lat' dir='ltr'><strong>colligitur</strong></span> <span class='ocrx_word' id='word_1_34' title='bbox 875 934 997 1002; x_wconf 77' lang='lat' dir='ltr'><strong>Assyrios</strong></span> <span class='ocrx_word' id='word_1_35' title='bbox 1008 933 1071 988; x_wconf 85' lang='lat' dir='ltr'><strong>olim</strong></span> <span class='ocrx_word' id='word_1_36' title='bbox 1082 934 1198 988; x_wconf 81' lang='lat' dir='ltr'><strong>tenuisse</strong></span> <span class='ocrx_word' id='word_1_37' title='bbox 1209 933 1380 1003; x_wconf 76' lang='lat' dir='ltr'><strong>Babylonem.</strong></span> 
     </span>
     <span class='ocr_line' id='line_1_5' title="bbox 240 1017 1382 1093; baseline -0.004 -18"><span class='ocrx_word' id='word_1_38' title='bbox 240 1025 268 1075; x_wconf 81' lang='lat' dir='ltr'><strong>lc</strong></span> <span class='ocrx_word' id='word_1_39' title='bbox 277 1023 403 1077; x_wconf 71' lang='lat' dir='ltr'><strong>nonnullis</strong></span> <span class='ocrx_word' id='word_1_40' title='bbox 413 1023 500 1093; x_wconf 86' lang='lat' dir='ltr'><strong>plscet</strong></span> <span class='ocrx_word' id='word_1_41' title='bbox 509 1019 695 1075; x_wconf 73' lang='lat' dir='ltr'><strong>Senneclrerniol</strong></span> <span class='ocrx_word' id='word_1_42' title='bbox 704 1019 817 1073; x_wconf 83' lang='lat' dir='ltr'><strong>melones</strong></span> <span class='ocrx_word' id='word_1_43' title='bbox 831 1017 994 1088; x_wconf 72' lang='lat' dir='ltr'><strong>Bnbylouem</strong></span> <span class='ocrx_word' id='word_1_44' title='bbox 1004 1020 1146 1086; x_wconf 87' lang='lat' dir='ltr'><strong>inrusisse,</strong></span> <span class='ocrx_word' id='word_1_45' title='bbox 1162 1023 1297 1092; x_wconf 73' lang='lat' dir='ltr'><strong>propterea</strong></span> <span class='ocrx_word' id='word_1_46' title='bbox 1312 1018 1382 1089; x_wconf 84' lang='lat' dir='ltr'><strong>qood</strong></span> 
     </span>
     <span class='ocr_line' id='line_1_6' title="bbox 240 1103 1382 1179; baseline -0.004 -17"><span class='ocrx_word' id='word_1_47' title='bbox 240 1108 275 1162; x_wconf 77' lang='lat' dir='ltr'><strong>lo.</strong></span> <span class='ocrx_word' id='word_1_48' title='bbox 282 1127 313 1174; x_wconf 86' lang='lat' dir='ltr'><strong>rr,</strong></span> <span class='ocrx_word' id='word_1_49' title='bbox 327 1107 393 1179; x_wconf 80' lang='lat' dir='ltr'><strong>lieg.</strong></span> <span class='ocrx_word' id='word_1_50' title='bbox 404 1123 462 1179; x_wconf 85' lang='lat' dir='ltr'><strong>esp.</strong></span> <span class='ocrx_word' id='word_1_51' title='bbox 471 1125 541 1172; x_wconf 80' lang='lat' dir='ltr'><strong>nvn,</strong></span> <span class='ocrx_word' id='word_1_52' title='bbox 552 1107 594 1160; x_wconf 60' lang='grc' dir='ltr'><strong>ΣΙ,</strong></span> <span class='ocrx_word' id='word_1_53' title='bbox 605 1121 653 1160; x_wconf 82' lang='lat' dir='ltr'><strong>rex</strong></span> <span class='ocrx_word' id='word_1_54' title='bbox 663 1104 830 1175; x_wconf 68' lang='lat' dir='ltr'>Assyriorum</span> <span class='ocrx_word' id='word_1_55' title='bbox 841 1103 1018 1159; x_wconf 82' lang='lat' dir='ltr'><strong>Seunucherib</strong></span> <span class='ocrx_word' id='word_1_56' title='bbox 1029 1104 1061 1158; x_wconf 90' lang='lat' dir='ltr'><strong>de</strong></span> <span class='ocrx_word' id='word_1_57' title='bbox 1072 1105 1207 1175; x_wconf 80' lang='lat' dir='ltr'><strong>Bsbylone</strong></span> <span class='ocrx_word' id='word_1_58' title='bbox 1219 1110 1245 1159; x_wconf 86' lang='lat' dir='ltr'><strong>et</strong></span> <span class='ocrx_word' id='word_1_59' title='bbox 1255 1105 1287 1158; x_wconf 92' lang='lat' dir='ltr'><strong>de</strong></span> <span class='ocrx_word' id='word_1_60' title='bbox 1299 1103 1382 1159; x_wconf 82' lang='lat' dir='ltr'><strong>Guthe</strong></span> 
     </span>
     <span class='ocr_line' id='line_1_7' title="bbox 239 1189 1383 1264; baseline -0.003 -17"><span class='ocrx_word' id='word_1_61' title='bbox 239 1195 380 1264; x_wconf 66' lang='lat' dir='ltr'><strong>musque</strong></span> <span class='ocrx_word' id='word_1_62' title='bbox 395 1193 547 1263; x_wconf 51' lang='lat' dir='ltr'><strong>remonitus</strong></span> <span class='ocrx_word' id='word_1_63' title='bbox 562 1192 661 1245; x_wconf 84' lang='lat' dir='ltr'><strong>incolss</strong></span> <span class='ocrx_word' id='word_1_64' title='bbox 676 1190 824 1245; x_wconf 75' lang='lat' dir='ltr'><strong>Semurism</strong></span> <span class='ocrx_word' id='word_1_65' title='bbox 838 1189 1008 1244; x_wconf 65' lang='lat' dir='ltr'><strong>transtulerit</strong></span> <span class='ocrx_word' id='word_1_66' title='bbox 1034 1189 1103 1245; x_wconf 79' lang='lat' dir='ltr'><strong>Sene</strong></span> <span class='ocrx_word' id='word_1_67' title='bbox 1114 1189 1319 1261; x_wconf 78' lang='lat' dir='ltr'><strong>Bsbylouiornm</strong></span> <span class='ocrx_word' id='word_1_68' title='bbox 1335 1205 1383 1244; x_wconf 87' lang='lat' dir='ltr'><strong>rex</strong></span> 
     </span>
     <span class='ocr_line' id='line_1_8' title="bbox 239 1275 1383 1349; baseline -0.002 -17"><span class='ocrx_word' id='word_1_69' title='bbox 239 1278 343 1347; x_wconf 70' lang='lat' dir='ltr'><strong>inpriore</strong></span> <span class='ocrx_word' id='word_1_70' title='bbox 353 1281 383 1332; x_wconf 89' lang='lat' dir='ltr'><strong>in</strong></span> <span class='ocrx_word' id='word_1_71' title='bbox 393 1278 534 1349; x_wconf 73' lang='lat' dir='ltr'><strong>Sedpturis</strong></span> <span class='ocrx_word' id='word_1_72' title='bbox 544 1275 675 1331; x_wconf 86' lang='lat' dir='ltr'><strong>interdum</strong></span> <span class='ocrx_word' id='word_1_73' title='bbox 685 1282 802 1343; x_wconf 73' lang='lat' dir='ltr'><strong>vocetur,</strong></span> <span class='ocrx_word' id='word_1_74' title='bbox 817 1281 844 1330; x_wconf 84' lang='lat' dir='ltr'><strong>et</strong></span> <span class='ocrx_word' id='word_1_75' title='bbox 854 1275 1029 1346; x_wconf 77' lang='lat' dir='ltr'><strong>Bsbyloninm</strong></span> <span class='ocrx_word' id='word_1_76' title='bbox 1041 1277 1090 1330; x_wconf 89' lang='lat' dir='ltr'><strong>sub</strong></span> <span class='ocrx_word' id='word_1_77' title='bbox 1101 1276 1209 1347; x_wconf 70' lang='lat' dir='ltr'><strong>Assyria</strong></span> <span class='ocrx_word' id='word_1_78' title='bbox 1219 1277 1301 1331; x_wconf 75' lang='lat' dir='ltr'><strong>inisse</strong></span> <span class='ocrx_word' id='word_1_79' title='bbox 1313 1293 1383 1330; x_wconf 89' lang='lat' dir='ltr'><strong>eom·</strong></span> 
     </span>
     <span class='ocr_line' id='line_1_9' title="bbox 238 1360 727 1434; baseline -0.004 -16"><span class='ocrx_word' id='word_1_80' title='bbox 238 1363 375 1434; x_wconf 79' lang='lat' dir='ltr'><strong>polensem</strong></span> <span class='ocrx_word' id='word_1_81' title='bbox 385 1369 491 1418; x_wconf 84' lang='lat' dir='ltr'><strong>sutores</strong></span> <span class='ocrx_word' id='word_1_82' title='bbox 502 1368 564 1416; x_wconf 91' lang='lat' dir='ltr'><strong>sunt</strong></span> <span class='ocrx_word' id='word_1_83' title='bbox 574 1360 727 1434; x_wconf 87' lang='lat' dir='ltr'><strong>geogrsplri.</strong></span> 
     </span>
    </p>
   </div>
   <div class='ocr_carea' id='block_1_3' title="bbox 238 1445 1384 1606">
    <p class='ocr_par' dir='ltr' id='par_1_3' title="bbox 238 1445 1384 1606">
     <span class='ocr_line' id='line_1_10' title="bbox 291 1445 1384 1520; baseline 0.003 -20"><span class='ocrx_word' id='word_1_84' title='bbox 291 1447 518 1520; x_wconf 65' lang='lat' dir='ltr'><strong>’bmopdetnurr</strong></span> <span class='ocrx_word' id='word_1_85' title='bbox 533 1445 641 1515; x_wconf 68' lang='lat' dir='ltr'><strong>rivere]</strong></span> <span class='ocrx_word' id='word_1_86' title='bbox 664 1445 821 1517; x_wconf 66' lang='lat' dir='ltr'><strong>Septimum</strong></span> <span class='ocrx_word' id='word_1_87' title='bbox 836 1445 951 1502; x_wconf 88' lang='lat' dir='ltr'><strong>nominis</strong></span> <span class='ocrx_word' id='word_1_88' title='bbox 967 1446 1041 1518; x_wconf 87' lang='lat' dir='ltr'><strong>origo</strong></span> <span class='ocrx_word' id='word_1_89' title='bbox 1053 1446 1086 1500; x_wconf 80' lang='lat' dir='ltr'><strong>cb</strong></span> <span class='ocrx_word' id='word_1_90' title='bbox 1097 1447 1227 1502; x_wconf 78' lang='lat' dir='ltr'><strong>Hebruice</strong></span> <span class='ocrx_word' id='word_1_91' title='bbox 1237 1465 1300 1503; x_wconf 81' lang='lat' dir='ltr'><strong>roeo</strong></span> <span class='ocrx_word' id='word_1_92' title='bbox 1313 1453 1384 1510; x_wconf 63' lang='lat' dir='ltr'><strong>nili</strong></span> 
     </span>
     <span class='ocr_line' id='line_1_11' title="bbox 238 1532 1383 1606; baseline -0.001 -17"><span class='ocrx_word' id='word_1_93' title='bbox 238 1551 284 1588; x_wconf 80' lang='lat' dir='ltr'><strong>cunr</strong></span> <span class='ocrx_word' id='word_1_94' title='bbox 297 1540 395 1606; x_wconf 88' lang='lat' dir='ltr'><strong>puncto</strong></span> <span class='ocrx_word' id='word_1_95' title='bbox 410 1551 512 1599; x_wconf 69' lang='lat' dir='ltr'><strong>muros,</strong></span> <span class='ocrx_word' id='word_1_96' title='bbox 528 1533 599 1604; x_wconf 82' lang='lat' dir='ltr'><strong>qnod</strong></span> <span class='ocrx_word' id='word_1_97' title='bbox 614 1538 656 1587; x_wconf 90' lang='lat' dir='ltr'><strong>est</strong></span> <span class='ocrx_word' id='word_1_98' title='bbox 672 1533 817 1596; x_wconf 78' lang='lat' dir='ltr'><strong>declinere,</strong></span> <span class='ocrx_word' id='word_1_99' title='bbox 834 1551 933 1588; x_wconf 77' lang='lat' dir='ltr'><strong>mure.</strong></span> <span class='ocrx_word' id='word_1_100' title='bbox 956 1532 1045 1586; x_wconf 85' lang='lat' dir='ltr'><strong>Potest</strong></span> <span class='ocrx_word' id='word_1_101' title='bbox 1062 1537 1089 1586; x_wconf 84' lang='lat' dir='ltr'><strong>et</strong></span> <span class='ocrx_word' id='word_1_102' title='bbox 1104 1537 1204 1595; x_wconf 66' lang='lat' dir='ltr'><strong>sm</strong></span> <span class='ocrx_word' id='word_1_103' title='bbox 1215 1551 1274 1588; x_wconf 91' lang='lat' dir='ltr'><strong>cum</strong></span> <span class='ocrx_word' id='word_1_104' title='bbox 1285 1539 1383 1605; x_wconf 88' lang='lat' dir='ltr'><strong>puncto</strong></span> 
     </span>
    </p>
   </div>
   <div class='ocr_carea' id='block_1_4' title="bbox 236 1616 1466 4512">
    <p class='ocr_par' dir='ltr' id='par_1_4' title="bbox 236 1616 1385 2286">
     <span class='ocr_line' id='line_1_12' title="bbox 238 1616 1384 1690; baseline 0.001 -17"><span class='ocrx_word' id='word_1_105' title='bbox 238 1619 313 1673; x_wconf 74' lang='lat' dir='ltr'><strong>derne</strong></span> <span class='ocrx_word' id='word_1_106' title='bbox 329 1620 454 1685; x_wconf 86' lang='lat' dir='ltr'><strong>derirsri,</strong></span> <span class='ocrx_word' id='word_1_107' title='bbox 470 1619 541 1690; x_wconf 84' lang='lat' dir='ltr'><strong>quod</strong></span> <span class='ocrx_word' id='word_1_108' title='bbox 557 1621 703 1672; x_wconf 72' lang='lat' dir='ltr'><strong>diewm</strong></span> <span class='ocrx_word' id='word_1_109' title='bbox 718 1627 744 1672; x_wconf 81' lang='lat' dir='ltr'><strong>et</strong></span> <span class='ocrx_word' id='word_1_110' title='bbox 757 1618 921 1671; x_wconf 58' lang='lat' dir='ltr'><strong>edendam</strong></span> <span class='ocrx_word' id='word_1_111' title='bbox 937 1617 1076 1689; x_wconf 78' lang='lat' dir='ltr'><strong>significet</strong></span> <span class='ocrx_word' id='word_1_112' title='bbox 1100 1616 1216 1689; x_wconf 76' lang='lat' dir='ltr'><strong>Utraque</strong></span> <span class='ocrx_word' id='word_1_113' title='bbox 1232 1621 1304 1674; x_wconf 89' lang='lat' dir='ltr'><strong>notio</strong></span> <span class='ocrx_word' id='word_1_114' title='bbox 1321 1619 1384 1690; x_wconf 75' lang='lat' dir='ltr'><strong>Scy·</strong></span> 
     </span>
     <span class='ocr_line' id='line_1_13' title="bbox 237 1702 1384 1776; baseline -0.002 -18"><span class='ocrx_word' id='word_1_115' title='bbox 237 1703 324 1758; x_wconf 68' lang='lat' dir='ltr'><strong>tiorum</strong></span> <span class='ocrx_word' id='word_1_116' title='bbox 338 1707 458 1760; x_wconf 81' lang='lat' dir='ltr'><strong>moribus</strong></span> <span class='ocrx_word' id='word_1_117' title='bbox 475 1705 592 1776; x_wconf 86' lang='lat' dir='ltr'><strong>spprime</strong></span> <span class='ocrx_word' id='word_1_118' title='bbox 607 1703 739 1774; x_wconf 74' lang='lat' dir='ltr'><strong>congruite</strong></span> <span class='ocrx_word' id='word_1_119' title='bbox 756 1718 823 1774; x_wconf 83' lang='lat' dir='ltr'><strong>quos</strong></span> <span class='ocrx_word' id='word_1_120' title='bbox 839 1702 979 1772; x_wconf 62' lang='grc' dir='ltr'><strong>πλανήτας,</strong></span> <span class='ocrx_word' id='word_1_121' title='bbox 1000 1702 1174 1770; x_wconf 87' lang='lat' dir='ltr'><strong>errsbundos,</strong></span> <span class='ocrx_word' id='word_1_122' title='bbox 1194 1709 1221 1758; x_wconf 85' lang='lat' dir='ltr'><strong>et</strong></span> <span class='ocrx_word' id='word_1_123' title='bbox 1237 1703 1384 1775; x_wconf 74' lang='grc' dir='ltr'><strong>ἂμαξοβέους</strong></span> 
     </span>
     <span class='ocr_line' id='line_1_14' title="bbox 236 1786 1384 1860; baseline -0.003 -17"><span class='ocrx_word' id='word_1_124' title='bbox 236 1791 303 1843; x_wconf 66' lang='lat' dir='ltr'><strong>tonse</strong></span> <span class='ocrx_word' id='word_1_125' title='bbox 313 1795 423 1845; x_wconf 81' lang='lat' dir='ltr'><strong>constet.</strong></span> <span class='ocrx_word' id='word_1_126' title='bbox 440 1790 493 1844; x_wconf 81' lang='lat' dir='ltr'><strong>Sed</strong></span> <span class='ocrx_word' id='word_1_127' title='bbox 503 1805 536 1844; x_wconf 84' lang='lat' dir='ltr'><strong>ee</strong></span> <span class='ocrx_word' id='word_1_128' title='bbox 545 1789 669 1843; x_wconf 80' lang='lat' dir='ltr'><strong>rocsbnli</strong></span> <span class='ocrx_word' id='word_1_129' title='bbox 684 1789 763 1853; x_wconf 70' lang='lat' dir='ltr'><strong>ratio,</strong></span> <span class='ocrx_word' id='word_1_130' title='bbox 774 1803 855 1859; x_wconf 79' lang='lat' dir='ltr'><strong>quem</strong></span> <span class='ocrx_word' id='word_1_131' title='bbox 865 1787 1026 1859; x_wconf 80' lang='lat' dir='ltr'><strong>Epiphsnins</strong></span> <span class='ocrx_word' id='word_1_132' title='bbox 1038 1786 1125 1854; x_wconf 83' lang='lat' dir='ltr'><strong>nd&#39;ert,</strong></span> <span class='ocrx_word' id='word_1_133' title='bbox 1143 1789 1213 1860; x_wconf 89' lang='lat' dir='ltr'><strong>qnod</strong></span> <span class='ocrx_word' id='word_1_134' title='bbox 1224 1790 1323 1843; x_wconf 86' lang='lat' dir='ltr'><strong>scilieet</strong></span> <span class='ocrx_word' id='word_1_135' title='bbox 1334 1787 1384 1842; x_wconf 75' lang='lat' dir='ltr'><strong>deri</strong></span> 
     </span>
     <span class='ocr_line' id='line_1_15' title="bbox 237 1871 1383 1947; baseline 0.003 -21"><span class='ocrx_word' id='word_1_136' title='bbox 237 1881 272 1926; x_wconf 72' lang='lat' dir='ltr'><strong>roi</strong></span> <span class='ocrx_word' id='word_1_137' title='bbox 280 1875 396 1947; x_wconf 65' lang='lat' dir='ltr'><strong>nilpnrog</strong></span> <span class='ocrx_word' id='word_1_138' title='bbox 406 1880 453 1928; x_wconf 75' lang='grc' dir='ltr'><strong>τοῦ</strong></span> <span class='ocrx_word' id='word_1_139' title='bbox 463 1874 525 1946; x_wconf 66' lang='grc' dir='ltr'><strong>πρὸς</strong></span> <span class='ocrx_word' id='word_1_140' title='bbox 536 1873 658 1945; x_wconf 71' lang='grc' dir='ltr'><strong>Εὐρώπην</strong></span> <span class='ocrx_word' id='word_1_141' title='bbox 669 1871 701 1935; x_wconf 58' lang='lat' dir='ltr'><strong>elz</strong></span> <span class='ocrx_word' id='word_1_142' title='bbox 712 1871 797 1926; x_wconf 73' lang='lat' dir='ltr'><strong>’derce</strong></span> <span class='ocrx_word' id='word_1_143' title='bbox 808 1872 1006 1940; x_wconf 85' lang='lat' dir='ltr'><strong>declinereriut,</strong></span> <span class='ocrx_word' id='word_1_144' title='bbox 1021 1889 1075 1928; x_wconf 89' lang='lat' dir='ltr'><strong>non</strong></span> <span class='ocrx_word' id='word_1_145' title='bbox 1086 1873 1161 1927; x_wconf 77' lang='lat' dir='ltr'><strong>uelde</strong></span> <span class='ocrx_word' id='word_1_146' title='bbox 1178 1873 1242 1928; x_wconf 85' lang='lat' dir='ltr'><strong>mihi</strong></span> <span class='ocrx_word' id='word_1_147' title='bbox 1253 1875 1383 1946; x_wconf 85' lang='lat' dir='ltr'><strong>probetur.</strong></span> 
     </span>
     <span class='ocr_line' id='line_1_16' title="bbox 236 1957 1385 2032; baseline 0 -18"><span class='ocrx_word' id='word_1_148' title='bbox 236 1958 311 2031; x_wconf 73' lang='lat' dir='ltr'><strong>deque</strong></span> <span class='ocrx_word' id='word_1_149' title='bbox 320 1962 393 2016; x_wconf 85' lang='lat' dir='ltr'><strong>euim</strong></span> <span class='ocrx_word' id='word_1_150' title='bbox 400 1977 492 2015; x_wconf 89' lang='lat' dir='ltr'><strong>rernm</strong></span> <span class='ocrx_word' id='word_1_151' title='bbox 502 1965 579 2032; x_wconf 86' lang='lat' dir='ltr'><strong>puto,</strong></span> <span class='ocrx_word' id='word_1_152' title='bbox 590 1957 747 2030; x_wconf 77' lang='lat' dir='ltr'><strong>Scytlrnrum</strong></span> <span class='ocrx_word' id='word_1_153' title='bbox 757 1959 863 2014; x_wconf 88' lang='lat' dir='ltr'><strong>nomine</strong></span> <span class='ocrx_word' id='word_1_154' title='bbox 874 1958 973 2030; x_wconf 84' lang='lat' dir='ltr'><strong>priseos</strong></span> <span class='ocrx_word' id='word_1_155' title='bbox 984 1959 1043 2014; x_wconf 90' lang='lat' dir='ltr'><strong>illos</strong></span> <span class='ocrx_word' id='word_1_156' title='bbox 1054 1959 1208 2030; x_wconf 80' lang='lat' dir='ltr'><strong>insignitos,</strong></span> <span class='ocrx_word' id='word_1_157' title='bbox 1220 1961 1265 2031; x_wconf 88' lang='lat' dir='ltr'><strong>qui</strong></span> <span class='ocrx_word' id='word_1_158' title='bbox 1276 1967 1336 2032; x_wconf 88' lang='lat' dir='ltr'><strong>post</strong></span> <span class='ocrx_word' id='word_1_159' title='bbox 1347 1961 1385 2014; x_wconf 90' lang='lat' dir='ltr'><strong>di·</strong></span> 
     </span>
     <span class='ocr_line' id='line_1_17' title="bbox 236 2043 1385 2118; baseline 0.003 -22"><span class='ocrx_word' id='word_1_160' title='bbox 236 2045 320 2100; x_wconf 84' lang='lat' dir='ltr'><strong>lnrinm</strong></span> <span class='ocrx_word' id='word_1_161' title='bbox 333 2047 429 2100; x_wconf 88' lang='lat' dir='ltr'><strong>turrim</strong></span> <span class='ocrx_word' id='word_1_162' title='bbox 444 2047 517 2100; x_wconf 81' lang='lat' dir='ltr'><strong>illum</strong></span> <span class='ocrx_word' id='word_1_163' title='bbox 532 2044 694 2100; x_wconf 79' lang='lat' dir='ltr'><strong>eroiitectrti</strong></span> <span class='ocrx_word' id='word_1_164' title='bbox 708 2049 778 2100; x_wconf 83' lang='lat' dir='ltr'><strong>sunt.</strong></span> <span class='ocrx_word' id='word_1_165' title='bbox 804 2043 1003 2115; x_wconf 79' lang='lat' dir='ltr'><strong>litymologioou</strong></span> <span class='ocrx_word' id='word_1_166' title='bbox 1015 2045 1141 2116; x_wconf 85' lang='lat' dir='ltr'><strong>ldsgunm</strong></span> <span class='ocrx_word' id='word_1_167' title='bbox 1156 2045 1298 2113; x_wconf 68' lang='grc' dir='ltr'><strong>σκύζεσθαι,</strong></span> <span class='ocrx_word' id='word_1_168' title='bbox 1316 2045 1385 2118; x_wconf 85' lang='lat' dir='ltr'><strong>qnod</strong></span> 
     </span>
     <span class='ocr_line' id='line_1_18' title="bbox 236 2128 1385 2203; baseline 0.003 -21"><span class='ocrx_word' id='word_1_169' title='bbox 236 2131 347 2186; x_wconf 81' lang='lat' dir='ltr'><strong>estiresci</strong></span> <span class='ocrx_word' id='word_1_170' title='bbox 357 2137 385 2186; x_wconf 86' lang='lat' dir='ltr'><strong>et</strong></span> <span class='ocrx_word' id='word_1_171' title='bbox 395 2131 563 2203; x_wconf 70' lang='lat' dir='ltr'><strong>supercilium</strong></span> <span class='ocrx_word' id='word_1_172' title='bbox 573 2128 739 2196; x_wconf 75' lang='lat' dir='ltr'><strong>eontrshere,</strong></span> <span class='ocrx_word' id='word_1_173' title='bbox 756 2128 824 2200; x_wconf 75' lang='grc' dir='ltr'><strong>παρὰ</strong></span> <span class='ocrx_word' id='word_1_174' title='bbox 839 2128 897 2190; x_wconf 67' lang='grc' dir='ltr'><strong>τοὺς</strong></span> <span class='ocrx_word' id='word_1_175' title='bbox 914 2129 1009 2190; x_wconf 72' lang='grc' dir='ltr'><strong>Σκύθας</strong></span> <span class='ocrx_word' id='word_1_176' title='bbox 1025 2131 1189 2184; x_wconf 67' lang='lat' dir='ltr'><strong>nominatum</strong></span> <span class='ocrx_word' id='word_1_177' title='bbox 1205 2131 1305 2185; x_wconf 87' lang='lat' dir='ltr'><strong>scribit:</strong></span> <span class='ocrx_word' id='word_1_178' title='bbox 1322 2147 1385 2202; x_wconf 87' lang='lat' dir='ltr'><strong>qno·</strong></span> 
     </span>
     <span class='ocr_line' id='line_1_19' title="bbox 236 2213 1385 2286; baseline 0.001 -17"><span class='ocrx_word' id='word_1_179' title='bbox 236 2217 294 2269; x_wconf 77' lang='lat' dir='ltr'><strong>n&#39;nm</strong></span> <span class='ocrx_word' id='word_1_180' title='bbox 302 2217 421 2271; x_wconf 78' lang='lat' dir='ltr'><strong>hscundi</strong></span> <span class='ocrx_word' id='word_1_181' title='bbox 431 2215 555 2286; x_wconf 72' lang='lat' dir='ltr'><strong>Sortitu-</strong></span> <span class='ocrx_word' id='word_1_182' title='bbox 583 2216 625 2270; x_wconf 74' lang='lat' dir='ltr'><strong>An</strong></span> <span class='ocrx_word' id='word_1_183' title='bbox 635 2215 723 2286; x_wconf 87' lang='lat' dir='ltr'><strong>potius</strong></span> <span class='ocrx_word' id='word_1_184' title='bbox 735 2213 830 2276; x_wconf 67' lang='grc' dir='ltr'><strong>Σκύθας</strong></span> <span class='ocrx_word' id='word_1_185' title='bbox 842 2213 935 2269; x_wconf 79' lang='lat' dir='ltr'><strong>Grseol</strong></span> <span class='ocrx_word' id='word_1_186' title='bbox 947 2213 996 2266; x_wconf 74' lang='lat' dir='ltr'><strong>dni</strong></span> <span class='ocrx_word' id='word_1_187' title='bbox 1007 2219 1053 2267; x_wconf 80' lang='grc' dir='ltr'><strong>τοῦ</strong></span> <span class='ocrx_word' id='word_1_188' title='bbox 1064 2215 1193 2278; x_wconf 74' lang='grc' dir='ltr'><strong>σκύζεσθαι</strong></span> <span class='ocrx_word' id='word_1_189' title='bbox 1205 2215 1385 2270; x_wconf 74' lang='lat' dir='ltr'><strong>deduxerunt?</strong></span> 
     </span>
    </p>

    <p class='ocr_par' dir='ltr' id='par_1_5' title="bbox 236 2299 1466 3823">
     <span class='ocr_line' id='line_1_20' title="bbox 290 2299 1385 2372; baseline 0.003 -19"><span class='ocrx_word' id='word_1_190' title='bbox 290 2302 333 2354; x_wconf 76' lang='lat' dir='ltr'><strong>liri</strong></span> <span class='ocrx_word' id='word_1_191' title='bbox 341 2301 391 2354; x_wconf 72' lang='lat' dir='ltr'><strong>ieie</strong></span> <span class='ocrx_word' id='word_1_192' title='bbox 402 2303 457 2371; x_wconf 77' lang='grc' dir='ltr'><strong>μιᾶς</strong></span> <span class='ocrx_word' id='word_1_193' title='bbox 466 2299 498 2363; x_wconf 71' lang='grc' dir='ltr'><strong>εἰς</strong></span> <span class='ocrx_word' id='word_1_194' title='bbox 506 2299 675 2371; x_wconf 70' lang='grc' dir='ltr'><strong>ἐβδομήκοντα</strong></span> <span class='ocrx_word' id='word_1_195' title='bbox 684 2300 752 2367; x_wconf 74' lang='lat' dir='ltr'><strong>tiu]</strong></span> <span class='ocrx_word' id='word_1_196' title='bbox 770 2299 809 2354; x_wconf 87' lang='lat' dir='ltr'><strong>De</strong></span> <span class='ocrx_word' id='word_1_197' title='bbox 820 2299 912 2355; x_wconf 83' lang='lat' dir='ltr'><strong>eedem</strong></span> <span class='ocrx_word' id='word_1_198' title='bbox 922 2300 1074 2371; x_wconf 77' lang='lat' dir='ltr'><strong>linguonum</strong></span> <span class='ocrx_word' id='word_1_199' title='bbox 1085 2301 1254 2372; x_wconf 83' lang='lat' dir='ltr'><strong>gentiumque</strong></span> <span class='ocrx_word' id='word_1_200' title='bbox 1266 2301 1385 2356; x_wconf 87' lang='lat' dir='ltr'><strong>distribu-</strong></span> 
     </span>
     <span class='ocr_line' id='line_1_21' title="bbox 237 2383 1387 2458; baseline 0 -18"><span class='ocrx_word' id='word_1_201' title='bbox 237 2387 294 2440; x_wconf 84' lang='lat' dir='ltr'><strong>tione</strong></span> <span class='ocrx_word' id='word_1_202' title='bbox 302 2388 358 2458; x_wconf 83' lang='lat' dir='ltr'><strong>ugit</strong></span> <span class='ocrx_word' id='word_1_203' title='bbox 369 2387 442 2441; x_wconf 76' lang='lat' dir='ltr'><strong>liner.</strong></span> <span class='ocrx_word' id='word_1_204' title='bbox 453 2403 545 2453; x_wconf 85' lang='lat' dir='ltr'>xxm,</span> <span class='ocrx_word' id='word_1_205' title='bbox 558 2401 623 2452; x_wconf 81' lang='lat' dir='ltr'><strong>,use</strong></span> <span class='ocrx_word' id='word_1_206' title='bbox 634 2390 676 2440; x_wconf 89' lang='lat' dir='ltr'><strong>est</strong></span> <span class='ocrx_word' id='word_1_207' title='bbox 686 2383 882 2440; x_wconf 80' lang='lat' dir='ltr'><strong>Sethiunorum:</strong></span> <span class='ocrx_word' id='word_1_208' title='bbox 894 2385 941 2439; x_wconf 86' lang='lat' dir='ltr'><strong>ubl</strong></span> <span class='ocrx_word' id='word_1_209' title='bbox 952 2391 979 2439; x_wconf 89' lang='lat' dir='ltr'><strong>et</strong></span> <span class='ocrx_word' id='word_1_210' title='bbox 987 2403 1062 2440; x_wconf 82' lang='lat' dir='ltr'><strong>nnn</strong></span> <span class='ocrx_word' id='word_1_211' title='bbox 1072 2385 1177 2458; x_wconf 82' lang='lat' dir='ltr'><strong>lingnee</strong></span> <span class='ocrx_word' id='word_1_212' title='bbox 1188 2387 1305 2452; x_wconf 89' lang='lat' dir='ltr'><strong>totidem,</strong></span> <span class='ocrx_word' id='word_1_213' title='bbox 1317 2387 1387 2458; x_wconf 86' lang='lat' dir='ltr'><strong>quod</strong></span> 
     </span>
     <span class='ocr_line' id='line_1_22' title="bbox 237 2469 1386 2542; baseline 0.004 -21"><span class='ocrx_word' id='word_1_214' title='bbox 237 2472 386 2538; x_wconf 60' lang='grc' dir='ltr'><strong>ιφαλαῶται</strong></span> <span class='ocrx_word' id='word_1_215' title='bbox 403 2477 491 2537; x_wconf 80' lang='lat' dir='ltr'><strong>erent,</strong></span> <span class='ocrx_word' id='word_1_216' title='bbox 508 2477 536 2525; x_wconf 89' lang='lat' dir='ltr'><strong>et</strong></span> <span class='ocrx_word' id='word_1_217' title='bbox 551 2477 656 2525; x_wconf 83' lang='lat' dir='ltr'><strong>sutores</strong></span> <span class='ocrx_word' id='word_1_218' title='bbox 673 2471 762 2542; x_wconf 80' lang='lat' dir='ltr'><strong>stirpis</strong></span> <span class='ocrx_word' id='word_1_219' title='bbox 778 2469 923 2525; x_wconf 81' lang='lat' dir='ltr'><strong>effloruisse</strong></span> <span class='ocrx_word' id='word_1_220' title='bbox 940 2469 1009 2526; x_wconf 82' lang='lat' dir='ltr'><strong>dicit.</strong></span> <span class='ocrx_word' id='word_1_221' title='bbox 1036 2471 1165 2542; x_wconf 78' lang='lat' dir='ltr'><strong>Vulgetns</strong></span> <span class='ocrx_word' id='word_1_222' title='bbox 1182 2477 1223 2526; x_wconf 86' lang='lat' dir='ltr'><strong>est</strong></span> <span class='ocrx_word' id='word_1_223' title='bbox 1238 2471 1281 2526; x_wconf 85' lang='lat' dir='ltr'><strong>hio</strong></span> <span class='ocrx_word' id='word_1_224' title='bbox 1297 2472 1386 2534; x_wconf 86' lang='lat' dir='ltr'><strong>metri-</strong></span> 
     </span>
     <span class='ocr_line' id='line_1_23' title="bbox 237 2555 1386 2629; baseline 0.001 -18"><span class='ocrx_word' id='word_1_225' title='bbox 237 2559 443 2629; x_wconf 77' lang='lat' dir='ltr'><strong>cumlinguurum</strong></span> <span class='ocrx_word' id='word_1_226' title='bbox 453 2557 662 2628; x_wconf 80' lang='lat' dir='ltr'><strong>populorumque</strong></span> <span class='ocrx_word' id='word_1_227' title='bbox 672 2571 810 2622; x_wconf 88' lang='lat' dir='ltr'><strong>numerus,</strong></span> <span class='ocrx_word' id='word_1_228' title='bbox 826 2555 858 2609; x_wconf 91' lang='lat' dir='ltr'><strong>de</strong></span> <span class='ocrx_word' id='word_1_229' title='bbox 874 2572 927 2626; x_wconf 84' lang='lat' dir='ltr'><strong>quo</strong></span> <span class='ocrx_word' id='word_1_230' title='bbox 943 2556 1060 2610; x_wconf 80' lang='lat' dir='ltr'><strong>oertetim</strong></span> <span class='ocrx_word' id='word_1_231' title='bbox 1076 2555 1229 2629; x_wconf 77' lang='lat' dir='ltr'><strong>chronologi</strong></span> <span class='ocrx_word' id='word_1_232' title='bbox 1245 2557 1386 2629; x_wconf 75' lang='lat' dir='ltr'><strong>disputant.</strong></span> 
     </span>
     <span class='ocr_line' id='line_1_24' title="bbox 238 2640 1386 2714; baseline 0 -17"><span class='ocrx_word' id='word_1_233' title='bbox 238 2640 336 2704; x_wconf 71' lang='lat' dir='ltr'><strong>Quorum</strong></span> <span class='ocrx_word' id='word_1_234' title='bbox 347 2643 456 2714; x_wconf 82' lang='lat' dir='ltr'><strong>quidem</strong></span> <span class='ocrx_word' id='word_1_235' title='bbox 466 2643 533 2696; x_wconf 86' lang='lat' dir='ltr'><strong>rstio</strong></span> <span class='ocrx_word' id='word_1_236' title='bbox 545 2641 609 2696; x_wconf 85' lang='lat' dir='ltr'><strong>milri</strong></span> <span class='ocrx_word' id='word_1_237' title='bbox 619 2659 673 2696; x_wconf 91' lang='lat' dir='ltr'><strong>non</strong></span> <span class='ocrx_word' id='word_1_238' title='bbox 684 2642 748 2696; x_wconf 77' lang='lat' dir='ltr'><strong>setis</strong></span> <span class='ocrx_word' id='word_1_239' title='bbox 760 2641 897 2713; x_wconf 66' lang='lat' dir='ltr'><strong>explorare</strong></span> <span class='ocrx_word' id='word_1_240' title='bbox 907 2647 1029 2714; x_wconf 81' lang='lat' dir='ltr'><strong>oertsqne</strong></span> <span class='ocrx_word' id='word_1_241' title='bbox 1037 2642 1151 2709; x_wconf 87' lang='lat' dir='ltr'><strong>ridetur;</strong></span> <span class='ocrx_word' id='word_1_242' title='bbox 1163 2659 1217 2697; x_wconf 93' lang='lat' dir='ltr'><strong>non</strong></span> <span class='ocrx_word' id='word_1_243' title='bbox 1227 2642 1305 2697; x_wconf 92' lang='lat' dir='ltr'><strong>modo</strong></span> <span class='ocrx_word' id='word_1_244' title='bbox 1318 2643 1386 2714; x_wconf 89' lang='lat' dir='ltr'><strong>qnod</strong></span> 
     </span>
     <span class='ocr_line' id='line_1_25' title="bbox 238 2726 1458 2808; baseline 0.002 -27"><span class='ocrx_word' id='word_1_245' title='bbox 238 2726 315 2781; x_wconf 78' lang='lat' dir='ltr'><strong>(inseri</strong></span> <span class='ocrx_word' id='word_1_246' title='bbox 324 2728 428 2783; x_wconf 81' lang='lat' dir='ltr'><strong>codices</strong></span> <span class='ocrx_word' id='word_1_247' title='bbox 439 2744 456 2781; x_wconf 83' lang='grc' dir='ltr'><strong>ι</strong></span> <span class='ocrx_word' id='word_1_248' title='bbox 466 2727 567 2782; x_wconf 75' lang='lat' dir='ltr'><strong>lstinls</strong></span> <span class='ocrx_word' id='word_1_249' title='bbox 577 2733 606 2782; x_wconf 92' lang='lat' dir='ltr'><strong>et</strong></span> <span class='ocrx_word' id='word_1_250' title='bbox 614 2727 739 2782; x_wconf 71' lang='lat' dir='ltr'><strong>Hebraeis</strong></span> <span class='ocrx_word' id='word_1_251' title='bbox 750 2727 778 2780; x_wconf 93' lang='lat' dir='ltr'><strong>in</strong></span> <span class='ocrx_word' id='word_1_252' title='bbox 788 2743 898 2781; x_wconf 88' lang='lat' dir='ltr'><strong>numero</strong></span> <span class='ocrx_word' id='word_1_253' title='bbox 915 2727 1054 2794; x_wconf 84' lang='lat' dir='ltr'><strong>dissident,</strong></span> <span class='ocrx_word' id='word_1_254' title='bbox 1071 2728 1117 2782; x_wconf 83' lang='lat' dir='ltr'><strong>red</strong></span> <span class='ocrx_word' id='word_1_255' title='bbox 1133 2729 1212 2783; x_wconf 84' lang='lat' dir='ltr'><strong>etism</strong></span> <span class='ocrx_word' id='word_1_256' title='bbox 1228 2729 1297 2799; x_wconf 88' lang='lat' dir='ltr'><strong>quod</strong></span> <span class='ocrx_word' id='word_1_257' title='bbox 1312 2728 1387 2799; x_wconf 87' lang='lat' dir='ltr'><strong>pleri·</strong></span> <span class='ocrx_word' id='word_1_258' title='bbox 1451 2795 1458 2808; x_wconf 34' lang='grc' dir='ltr'>ι</span> 
     </span>
     <span class='ocr_line' id='line_1_26' title="bbox 238 2811 1386 2884; baseline 0.002 -20"><span class='ocrx_word' id='word_1_259' title='bbox 238 2827 277 2882; x_wconf 78' lang='lat' dir='ltr'><strong>qne</strong></span> <span class='ocrx_word' id='word_1_260' title='bbox 286 2813 452 2883; x_wconf 69' lang='grc' dir='ltr'><strong>ιιφαλαιῶται</strong></span> <span class='ocrx_word' id='word_1_261' title='bbox 463 2829 524 2868; x_wconf 86' lang='lat' dir='ltr'><strong>cum</strong></span> <span class='ocrx_word' id='word_1_262' title='bbox 534 2813 646 2884; x_wconf 87' lang='lat' dir='ltr'><strong>posteris</strong></span> <span class='ocrx_word' id='word_1_263' title='bbox 657 2813 712 2866; x_wconf 89' lang='lat' dir='ltr'><strong>suls</strong></span> <span class='ocrx_word' id='word_1_264' title='bbox 724 2828 755 2866; x_wconf 86' lang='lat' dir='ltr'><strong>sc</strong></span> <span class='ocrx_word' id='word_1_265' title='bbox 765 2811 827 2866; x_wconf 83' lang='lat' dir='ltr'><strong>filiis</strong></span> <span class='ocrx_word' id='word_1_266' title='bbox 838 2812 867 2866; x_wconf 90' lang='lat' dir='ltr'><strong>in</strong></span> <span class='ocrx_word' id='word_1_267' title='bbox 882 2827 1022 2867; x_wconf 85' lang='lat' dir='ltr'><strong>numerum</strong></span> <span class='ocrx_word' id='word_1_268' title='bbox 1037 2821 1184 2870; x_wconf 86' lang='lat' dir='ltr'><strong>concentur.</strong></span> <span class='ocrx_word' id='word_1_269' title='bbox 1210 2813 1270 2868; x_wconf 84' lang='lat' dir='ltr'><strong>Non</strong></span> <span class='ocrx_word' id='word_1_270' title='bbox 1286 2819 1326 2868; x_wconf 85' lang='lat' dir='ltr'><strong>est</strong></span> <span class='ocrx_word' id='word_1_271' title='bbox 1342 2829 1386 2867; x_wconf 87' lang='lat' dir='ltr'><strong>eu-</strong></span> 
     </span>
     <span class='ocr_line' id='line_1_27' title="bbox 238 2897 1388 2970; baseline 0.001 -19"><span class='ocrx_word' id='word_1_272' title='bbox 238 2905 279 2950; x_wconf 83' lang='lat' dir='ltr'><strong>tem</strong></span> <span class='ocrx_word' id='word_1_273' title='bbox 289 2899 411 2953; x_wconf 71' lang='lat' dir='ltr'><strong>creffibile</strong></span> <span class='ocrx_word' id='word_1_274' title='bbox 419 2899 571 2953; x_wconf 87' lang='lat' dir='ltr'><strong>distinctum</strong></span> <span class='ocrx_word' id='word_1_275' title='bbox 582 2899 616 2952; x_wconf 82' lang='lat' dir='ltr'><strong>st</strong></span> <span class='ocrx_word' id='word_1_276' title='bbox 623 2898 657 2952; x_wconf 86' lang='lat' dir='ltr'><strong>iis</strong></span> <span class='ocrx_word' id='word_1_277' title='bbox 665 2899 792 2970; x_wconf 91' lang='lat' dir='ltr'><strong>populum</strong></span> <span class='ocrx_word' id='word_1_278' title='bbox 800 2913 831 2951; x_wconf 87' lang='lat' dir='ltr'><strong>sc</strong></span> <span class='ocrx_word' id='word_1_279' title='bbox 838 2897 956 2968; x_wconf 70' lang='lat' dir='ltr'><strong>lingnam</strong></span> <span class='ocrx_word' id='word_1_280' title='bbox 967 2898 1026 2952; x_wconf 89' lang='lat' dir='ltr'><strong>illos</strong></span> <span class='ocrx_word' id='word_1_281' title='bbox 1038 2899 1213 2956; x_wconf 82' lang='lat' dir='ltr'><strong>constituisse.</strong></span> <span class='ocrx_word' id='word_1_282' title='bbox 1232 2898 1307 2953; x_wconf 83' lang='lat' dir='ltr'><strong>Gerte</strong></span> <span class='ocrx_word' id='word_1_283' title='bbox 1318 2900 1388 2952; x_wconf 88' lang='lat' dir='ltr'><strong>enim</strong></span> 
     </span>
     <span class='ocr_line' id='line_1_28' title="bbox 238 2981 1388 3055; baseline 0.002 -20"><span class='ocrx_word' id='word_1_284' title='bbox 238 2981 309 3036; x_wconf 83' lang='lat' dir='ltr'><strong>llebec</strong></span> <span class='ocrx_word' id='word_1_285' title='bbox 319 3001 336 3036; x_wconf 87' lang='lat' dir='ltr'><strong>s</strong></span> <span class='ocrx_word' id='word_1_286' title='bbox 346 2983 448 3055; x_wconf 81' lang='lat' dir='ltr'><strong>Plrslcg</strong></span> <span class='ocrx_word' id='word_1_287' title='bbox 458 2985 551 3054; x_wconf 84' lang='lat' dir='ltr'><strong>lingns</strong></span> <span class='ocrx_word' id='word_1_288' title='bbox 561 2983 679 3038; x_wconf 81' lang='lat' dir='ltr'><strong>diversus</strong></span> <span class='ocrx_word' id='word_1_289' title='bbox 689 2999 743 3039; x_wconf 92' lang='lat' dir='ltr'><strong>non</strong></span> <span class='ocrx_word' id='word_1_290' title='bbox 753 2982 812 3048; x_wconf 83' lang='lat' dir='ltr'><strong>init,</strong></span> <span class='ocrx_word' id='word_1_291' title='bbox 822 2989 854 3037; x_wconf 84' lang='lat' dir='ltr'><strong>ut</strong></span> <span class='ocrx_word' id='word_1_292' title='bbox 864 2984 944 3038; x_wconf 82' lang='lat' dir='ltr'><strong>etism</strong></span> <span class='ocrx_word' id='word_1_293' title='bbox 955 2985 1118 3054; x_wconf 77' lang='lat' dir='ltr'><strong>Augustinus</strong></span> <span class='ocrx_word' id='word_1_294' title='bbox 1130 2985 1271 3040; x_wconf 82' lang='lat' dir='ltr'><strong>existimet.</strong></span> <span class='ocrx_word' id='word_1_295' title='bbox 1289 2983 1388 3038; x_wconf 88' lang='lat' dir='ltr'><strong>Deinde</strong></span> 
     </span>
     <span class='ocr_line' id='line_1_29' title="bbox 237 3065 1389 3142; baseline 0.003 -19"><span class='ocrx_word' id='word_1_296' title='bbox 237 3065 374 3123; x_wconf 76' lang='lat' dir='ltr'><strong>tiemmei</strong></span> <span class='ocrx_word' id='word_1_297' title='bbox 384 3086 478 3123; x_wconf 91' lang='lat' dir='ltr'><strong>omnes</strong></span> <span class='ocrx_word' id='word_1_298' title='bbox 488 3069 579 3140; x_wconf 87' lang='lat' dir='ltr'><strong>populi</strong></span> <span class='ocrx_word' id='word_1_299' title='bbox 594 3067 693 3124; x_wconf 85' lang='lat' dir='ltr'><strong>idiome</strong></span> <span class='ocrx_word' id='word_1_300' title='bbox 709 3083 847 3123; x_wconf 87' lang='lat' dir='ltr'><strong>commune</strong></span> <span class='ocrx_word' id='word_1_301' title='bbox 861 3069 947 3123; x_wconf 89' lang='lat' dir='ltr'><strong>sortiti</strong></span> <span class='ocrx_word' id='word_1_302' title='bbox 963 3075 1032 3124; x_wconf 84' lang='lat' dir='ltr'><strong>sunt.</strong></span> <span class='ocrx_word' id='word_1_303' title='bbox 1057 3071 1149 3142; x_wconf 80' lang='lat' dir='ltr'><strong>ireque</strong></span> <span class='ocrx_word' id='word_1_304' title='bbox 1165 3071 1236 3125; x_wconf 87' lang='lat' dir='ltr'><strong>lebet</strong></span> <span class='ocrx_word' id='word_1_305' title='bbox 1251 3071 1297 3124; x_wconf 88' lang='lat' dir='ltr'><strong>ille</strong></span> <span class='ocrx_word' id='word_1_306' title='bbox 1313 3085 1389 3127; x_wconf 83' lang='grc' dir='ltr'><strong>ιιιιι</strong></span> 
     </span>
     <span class='ocr_line' id='line_1_30' title="bbox 236 3152 1466 3226; baseline 0 -17"><span class='ocrx_word' id='word_1_307' title='bbox 236 3152 372 3224; x_wconf 81' lang='lat' dir='ltr'><strong>lingnsmnr</strong></span> <span class='ocrx_word' id='word_1_308' title='bbox 382 3155 496 3226; x_wconf 73' lang='lat' dir='ltr'><strong>pertitio.</strong></span> <span class='ocrx_word' id='word_1_309' title='bbox 513 3153 566 3209; x_wconf 78' lang='lat' dir='ltr'><strong>Sed</strong></span> <span class='ocrx_word' id='word_1_310' title='bbox 576 3169 625 3208; x_wconf 89' lang='lat' dir='ltr'><strong>nec</strong></span> <span class='ocrx_word' id='word_1_311' title='bbox 635 3154 664 3208; x_wconf 90' lang='lat' dir='ltr'><strong>in</strong></span> <span class='ocrx_word' id='word_1_312' title='bbox 675 3170 707 3208; x_wconf 94' lang='lat' dir='ltr'><strong>eo</strong></span> <span class='ocrx_word' id='word_1_313' title='bbox 717 3153 836 3208; x_wconf 76' lang='lat' dir='ltr'><strong>luborere</strong></span> <span class='ocrx_word' id='word_1_314' title='bbox 847 3153 988 3208; x_wconf 84' lang='lat' dir='ltr'><strong>sdmodum</strong></span> <span class='ocrx_word' id='word_1_315' title='bbox 1000 3171 1107 3210; x_wconf 89' lang='lat' dir='ltr'><strong>necesse</strong></span> <span class='ocrx_word' id='word_1_316' title='bbox 1119 3161 1167 3222; x_wconf 85' lang='lat' dir='ltr'><strong>est,</strong></span> <span class='ocrx_word' id='word_1_317' title='bbox 1179 3155 1324 3211; x_wconf 84' lang='lat' dir='ltr'><strong>uttotidem</strong></span> <span class='ocrx_word' id='word_1_318' title='bbox 1335 3153 1387 3209; x_wconf 85' lang='lat' dir='ltr'><strong>illis</strong></span> <span class='ocrx_word' id='word_1_319' title='bbox 1413 3169 1434 3209; x_wconf 72' lang='lat' dir='ltr'><strong>n</strong></span> <span class='ocrx_word' id='word_1_320' title='bbox 1446 3157 1466 3200; x_wconf 78' lang='lat'><strong>²·</strong></span> 
     </span>
     <span class='ocr_line' id='line_1_31' title="bbox 237 3239 1388 3312; baseline -0.001 -18"><span class='ocrx_word' id='word_1_321' title='bbox 237 3241 373 3295; x_wconf 64' lang='lat' dir='ltr'><strong>nimine</strong></span> <span class='ocrx_word' id='word_1_322' title='bbox 383 3239 545 3294; x_wconf 78' lang='lat' dir='ltr'><strong>domicilium</strong></span> <span class='ocrx_word' id='word_1_323' title='bbox 556 3240 650 3310; x_wconf 86' lang='lat' dir='ltr'><strong>cuique</strong></span> <span class='ocrx_word' id='word_1_324' title='bbox 661 3254 741 3294; x_wconf 88' lang='lat' dir='ltr'><strong>suum</strong></span> <span class='ocrx_word' id='word_1_325' title='bbox 751 3253 783 3293; x_wconf 79' lang='lat' dir='ltr'><strong>sc</strong></span> <span class='ocrx_word' id='word_1_326' title='bbox 794 3239 929 3310; x_wconf 72' lang='lat' dir='ltr'><strong>regionem</strong></span> <span class='ocrx_word' id='word_1_327' title='bbox 940 3239 1114 3312; x_wconf 71' lang='lat' dir='ltr'><strong>resignemus.</strong></span> <span class='ocrx_word' id='word_1_328' title='bbox 1141 3241 1173 3296; x_wconf 93' lang='lat' dir='ltr'><strong>ln</strong></span> <span class='ocrx_word' id='word_1_329' title='bbox 1190 3259 1241 3312; x_wconf 91' lang='lat' dir='ltr'><strong>quo</strong></span> <span class='ocrx_word' id='word_1_330' title='bbox 1255 3241 1331 3295; x_wconf 84' lang='lat' dir='ltr'><strong>multi</strong></span> <span class='ocrx_word' id='word_1_331' title='bbox 1341 3256 1388 3294; x_wconf 93' lang='lat' dir='ltr'><strong>no·</strong></span> 
     </span>
     <span class='ocr_line' id='line_1_32' title="bbox 237 3323 1388 3396; baseline 0 -18"><span class='ocrx_word' id='word_1_332' title='bbox 237 3325 322 3379; x_wconf 86' lang='lat' dir='ltr'><strong>uinum</strong></span> <span class='ocrx_word' id='word_1_333' title='bbox 337 3325 523 3380; x_wconf 64' lang='lat' dir='ltr'><strong>sirnilitnffles</strong></span> <span class='ocrx_word' id='word_1_334' title='bbox 539 3325 618 3379; x_wconf 88' lang='lat' dir='ltr'><strong>nimis</strong></span> <span class='ocrx_word' id='word_1_335' title='bbox 636 3324 774 3379; x_wconf 75' lang='lat' dir='ltr'><strong>umleltlose</strong></span> <span class='ocrx_word' id='word_1_336' title='bbox 791 3329 981 3378; x_wconf 68' lang='lat' dir='ltr'><strong>consecuntur.</strong></span> <span class='ocrx_word' id='word_1_337' title='bbox 1015 3323 1063 3379; x_wconf 80' lang='lat' dir='ltr'><strong>Est</strong></span> <span class='ocrx_word' id='word_1_338' title='bbox 1079 3327 1149 3380; x_wconf 91' lang='lat' dir='ltr'><strong>enim</strong></span> <span class='ocrx_word' id='word_1_339' title='bbox 1165 3325 1317 3392; x_wconf 79' lang='lat' dir='ltr'><strong>verisimile,</strong></span> <span class='ocrx_word' id='word_1_340' title='bbox 1334 3325 1388 3396; x_wconf 93' lang='lat' dir='ltr'><strong>ple·</strong></span> 
     </span>
     <span class='ocr_line' id='line_1_33' title="bbox 237 3408 1387 3482; baseline 0.001 -18"><span class='ocrx_word' id='word_1_341' title='bbox 237 3424 317 3479; x_wconf 72' lang='lat' dir='ltr'><strong>mque</strong></span> <span class='ocrx_word' id='word_1_342' title='bbox 331 3411 431 3465; x_wconf 80' lang='lat' dir='ltr'><strong>dnibm</strong></span> <span class='ocrx_word' id='word_1_343' title='bbox 447 3411 495 3475; x_wconf 88' lang='lat' dir='ltr'><strong>iis,</strong></span> <span class='ocrx_word' id='word_1_344' title='bbox 515 3425 583 3480; x_wconf 86' lang='lat' dir='ltr'><strong>quos</strong></span> <span class='ocrx_word' id='word_1_345' title='bbox 600 3415 771 3482; x_wconf 75' lang='lat' dir='ltr'><strong>recuperent,</strong></span> <span class='ocrx_word' id='word_1_346' title='bbox 791 3410 889 3464; x_wconf 88' lang='lat' dir='ltr'><strong>relictis</strong></span> <span class='ocrx_word' id='word_1_347' title='bbox 910 3423 942 3462; x_wconf 80' lang='lat' dir='ltr'><strong>so</strong></span> <span class='ocrx_word' id='word_1_348' title='bbox 963 3408 1068 3465; x_wconf 84' lang='lat' dir='ltr'><strong>sedibus</strong></span> <span class='ocrx_word' id='word_1_349' title='bbox 1090 3411 1141 3466; x_wconf 75' lang='lat' dir='ltr'><strong>elio</strong></span> <span class='ocrx_word' id='word_1_350' title='bbox 1162 3427 1220 3466; x_wconf 89' lang='lat' dir='ltr'><strong>sese</strong></span> <span class='ocrx_word' id='word_1_351' title='bbox 1239 3409 1387 3466; x_wconf 79' lang='lat' dir='ltr'><strong>contulisse.</strong></span> 
     </span>
     <span class='ocr_line' id='line_1_34' title="bbox 237 3491 1388 3567; baseline 0.002 -19"><span class='ocrx_word' id='word_1_352' title='bbox 237 3491 292 3548; x_wconf 73' lang='lat' dir='ltr'><strong>llam</strong></span> <span class='ocrx_word' id='word_1_353' title='bbox 301 3497 373 3566; x_wconf 77' lang='lat' dir='ltr'><strong>qnod</strong></span> <span class='ocrx_word' id='word_1_354' title='bbox 383 3497 490 3566; x_wconf 68' lang='lat' dir='ltr'><strong>Moyses</strong></span> <span class='ocrx_word' id='word_1_355' title='bbox 501 3500 603 3561; x_wconf 78' lang='lat' dir='ltr'><strong>usust,</strong></span> <span class='ocrx_word' id='word_1_356' title='bbox 619 3495 654 3549; x_wconf 85' lang='lat' dir='ltr'><strong>sb</strong></span> <span class='ocrx_word' id='word_1_357' title='bbox 665 3495 698 3549; x_wconf 91' lang='lat' dir='ltr'><strong>iis</strong></span> <span class='ocrx_word' id='word_1_358' title='bbox 708 3499 868 3567; x_wconf 75' lang='lat' dir='ltr'><strong>prepsgetss</strong></span> <span class='ocrx_word' id='word_1_359' title='bbox 879 3511 938 3549; x_wconf 88' lang='lat' dir='ltr'><strong>esse</strong></span> <span class='ocrx_word' id='word_1_360' title='bbox 948 3495 1068 3550; x_wconf 72' lang='lat' dir='ltr'><strong>notiones</strong></span> <span class='ocrx_word' id='word_1_361' title='bbox 1080 3513 1183 3563; x_wconf 84' lang='lat' dir='ltr'><strong>omnes,</strong></span> <span class='ocrx_word' id='word_1_362' title='bbox 1199 3515 1253 3552; x_wconf 93' lang='lat' dir='ltr'><strong>non</strong></span> <span class='ocrx_word' id='word_1_363' title='bbox 1270 3497 1307 3551; x_wconf 86' lang='lat' dir='ltr'><strong>sio</strong></span> <span class='ocrx_word' id='word_1_364' title='bbox 1322 3497 1388 3552; x_wconf 79' lang='lat' dir='ltr'><strong>eooi-</strong></span> 
     </span>
     <span class='ocr_line' id='line_1_35' title="bbox 237 3578 1387 3654; baseline 0.002 -19"><span class='ocrx_word' id='word_1_365' title='bbox 237 3581 346 3646; x_wconf 76' lang='lat' dir='ltr'><strong>pirudnm</strong></span> <span class='ocrx_word' id='word_1_366' title='bbox 361 3589 417 3648; x_wconf 88' lang='lat' dir='ltr'><strong>est,</strong></span> <span class='ocrx_word' id='word_1_367' title='bbox 432 3588 464 3635; x_wconf 90' lang='lat' dir='ltr'><strong>nt</strong></span> <span class='ocrx_word' id='word_1_368' title='bbox 478 3597 523 3634; x_wconf 83' lang='lat' dir='ltr'><strong>ess</strong></span> <span class='ocrx_word' id='word_1_369' title='bbox 539 3597 586 3652; x_wconf 91' lang='lat' dir='ltr'><strong>per</strong></span> <span class='ocrx_word' id='word_1_370' title='bbox 601 3595 660 3634; x_wconf 89' lang='lat' dir='ltr'><strong>sese</strong></span> <span class='ocrx_word' id='word_1_371' title='bbox 674 3581 790 3652; x_wconf 87' lang='lat' dir='ltr'><strong>primum</strong></span> <span class='ocrx_word' id='word_1_372' title='bbox 806 3581 847 3632; x_wconf 77' lang='lat' dir='ltr'><strong>ecl</strong></span> <span class='ocrx_word' id='word_1_373' title='bbox 858 3578 957 3650; x_wconf 74' lang='grc' dir='ltr'>ἇμέσως</span> <span class='ocrx_word' id='word_1_374' title='bbox 971 3581 1092 3652; x_wconf 83' lang='lat' dir='ltr'><strong>regiense</strong></span> <span class='ocrx_word' id='word_1_375' title='bbox 1107 3582 1249 3637; x_wconf 83' lang='lat' dir='ltr'><strong>insederint</strong></span> <span class='ocrx_word' id='word_1_376' title='bbox 1267 3589 1345 3654; x_wconf 74' lang='lat' dir='ltr'><strong>atque</strong></span> <span class='ocrx_word' id='word_1_377' title='bbox 1360 3581 1387 3636; x_wconf 89' lang='lat' dir='ltr'><strong>in</strong></span> 
     </span>
     <span class='ocr_line' id='line_1_36' title="bbox 238 3665 1387 3741; baseline 0.003 -21"><span class='ocrx_word' id='word_1_378' title='bbox 238 3679 314 3720; x_wconf 80' lang='lat' dir='ltr'><strong>etrum</strong></span> <span class='ocrx_word' id='word_1_379' title='bbox 322 3667 520 3738; x_wconf 85' lang='lat' dir='ltr'><strong>posseseionem</strong></span> <span class='ocrx_word' id='word_1_380' title='bbox 530 3665 624 3737; x_wconf 89' lang='lat' dir='ltr'><strong>pedem</strong></span> <span class='ocrx_word' id='word_1_381' title='bbox 633 3666 685 3736; x_wconf 87' lang='lat' dir='ltr'><strong>ipsi</strong></span> <span class='ocrx_word' id='word_1_382' title='bbox 695 3667 838 3738; x_wconf 86' lang='lat' dir='ltr'><strong>posuerint,</strong></span> <span class='ocrx_word' id='word_1_383' title='bbox 850 3665 896 3719; x_wconf 94' lang='lat' dir='ltr'><strong>sed</strong></span> <span class='ocrx_word' id='word_1_384' title='bbox 907 3671 979 3720; x_wconf 86' lang='lat' dir='ltr'><strong>uteo</strong></span> <span class='ocrx_word' id='word_1_385' title='bbox 991 3667 1084 3721; x_wconf 76' lang='lat' dir='ltr'><strong>saltem</strong></span> <span class='ocrx_word' id='word_1_386' title='bbox 1095 3667 1199 3723; x_wconf 85' lang='lat' dir='ltr'><strong>illorum</strong></span> <span class='ocrx_word' id='word_1_387' title='bbox 1209 3670 1307 3741; x_wconf 86' lang='lat' dir='ltr'><strong>posteri</strong></span> <span class='ocrx_word' id='word_1_388' title='bbox 1319 3685 1387 3723; x_wconf 90' lang='lat' dir='ltr'><strong>com·</strong></span> 
     </span>
     <span class='ocr_line' id='line_1_37' title="bbox 238 3749 1354 3823; baseline 0.004 -17"><span class='ocrx_word' id='word_1_389' title='bbox 238 3751 369 3820; x_wconf 63' lang='lat' dir='ltr'><strong>tigrem</strong></span> <span class='ocrx_word' id='word_1_390' title='bbox 390 3752 489 3807; x_wconf 82' lang='lat' dir='ltr'><strong>Verum</strong></span> <span class='ocrx_word' id='word_1_391' title='bbox 498 3750 563 3806; x_wconf 81' lang='lat' dir='ltr'><strong>iseo</strong></span> <span class='ocrx_word' id='word_1_392' title='bbox 572 3749 701 3804; x_wconf 86' lang='lat' dir='ltr'><strong>discutere</strong></span> <span class='ocrx_word' id='word_1_393' title='bbox 711 3751 838 3822; x_wconf 77' lang='lat' dir='ltr'><strong>longioris</strong></span> <span class='ocrx_word' id='word_1_394' title='bbox 850 3759 877 3804; x_wconf 89' lang='lat' dir='ltr'><strong>et</strong></span> <span class='ocrx_word' id='word_1_395' title='bbox 887 3767 980 3823; x_wconf 86' lang='lat' dir='ltr'><strong>operse</strong></span> <span class='ocrx_word' id='word_1_396' title='bbox 991 3759 1018 3806; x_wconf 88' lang='lat' dir='ltr'><strong>et</strong></span> <span class='ocrx_word' id='word_1_397' title='bbox 1029 3753 1134 3808; x_wconf 70' lang='lat' dir='ltr'><strong>alterius</strong></span> <span class='ocrx_word' id='word_1_398' title='bbox 1146 3753 1259 3808; x_wconf 82' lang='lat' dir='ltr'><strong>instituti</strong></span> <span class='ocrx_word' id='word_1_399' title='bbox 1268 3755 1354 3810; x_wconf 83' lang='lat' dir='ltr'><strong>inerit.</strong></span> 
     </span>
    </p>

    <p class='ocr_par' dir='ltr' id='par_1_6' title="bbox 239 3832 1388 4079">
     <span class='ocr_line' id='line_1_38' title="bbox 295 3832 1388 3908; baseline 0.005 -20"><span class='ocrx_word' id='word_1_400' title='bbox 295 3835 364 3897; x_wconf 73' lang='grc' dir='ltr'><strong>Ψοῦς</strong></span> <span class='ocrx_word' id='word_1_401' title='bbox 380 3836 413 3888; x_wconf 77' lang='grc' dir='ltr'><strong>τὰ</strong></span> <span class='ocrx_word' id='word_1_402' title='bbox 423 3832 608 3906; x_wconf 64' lang='grc' dir='ltr'><strong>’ΔξιωματαάῙ</strong></span> <span class='ocrx_word' id='word_1_403' title='bbox 625 3835 751 3891; x_wconf 84' lang='lat' dir='ltr'><strong>idendose</strong></span> <span class='ocrx_word' id='word_1_404' title='bbox 761 3853 810 3908; x_wconf 90' lang='lat' dir='ltr'><strong>pro</strong></span> <span class='ocrx_word' id='word_1_405' title='bbox 818 3833 985 3906; x_wconf 73' lang='grc' dir='ltr'><strong>Ἀξουμιτικὰι</strong></span> <span class='ocrx_word' id='word_1_406' title='bbox 1003 3841 1034 3890; x_wconf 90' lang='lat' dir='ltr'><strong>nt</strong></span> <span class='ocrx_word' id='word_1_407' title='bbox 1044 3839 1123 3893; x_wconf 88' lang='lat' dir='ltr'><strong>estin</strong></span> <span class='ocrx_word' id='word_1_408' title='bbox 1134 3838 1317 3894; x_wconf 80' lang='lat' dir='ltr'><strong>Sethlsnorum</strong></span> <span class='ocrx_word' id='word_1_409' title='bbox 1328 3837 1388 3894; x_wconf 83' lang='lat' dir='ltr'><strong>inse·</strong></span> 
     </span>
     <span class='ocr_line' id='line_1_39' title="bbox 239 3920 1388 3993; baseline 0.007 -20"><span class='ocrx_word' id='word_1_410' title='bbox 239 3921 292 3985; x_wconf 60' lang='lat' dir='ltr'><strong>ren</strong></span> <span class='ocrx_word' id='word_1_411' title='bbox 305 3938 354 3977; x_wconf 84' lang='lat' dir='ltr'><strong>nee</strong></span> <span class='ocrx_word' id='word_1_412' title='bbox 363 3922 454 3977; x_wconf 87' lang='lat' dir='ltr'><strong>miuus</strong></span> <span class='ocrx_word' id='word_1_413' title='bbox 464 3920 656 3976; x_wconf 81' lang='lat' dir='ltr'><strong>emenduudum</strong></span> <span class='ocrx_word' id='word_1_414' title='bbox 666 3921 741 3992; x_wconf 76' lang='grc' dir='ltr'><strong>ψοὺς,</strong></span> <span class='ocrx_word' id='word_1_415' title='bbox 758 3937 807 3993; x_wconf 90' lang='lat' dir='ltr'><strong>pro</strong></span> <span class='ocrx_word' id='word_1_416' title='bbox 821 3937 873 3992; x_wconf 88' lang='lat' dir='ltr'><strong>quo</strong></span> <span class='ocrx_word' id='word_1_417' title='bbox 885 3921 947 3991; x_wconf 80' lang='lat' dir='ltr'><strong>pult</strong></span> <span class='ocrx_word' id='word_1_418' title='bbox 959 3923 1108 3993; x_wconf 87' lang='lat' dir='ltr'><strong>legendum.</strong></span> <span class='ocrx_word' id='word_1_419' title='bbox 1133 3921 1194 3980; x_wconf 79' lang='lat' dir='ltr'><strong>Sive</strong></span> <span class='ocrx_word' id='word_1_420' title='bbox 1205 3931 1236 3980; x_wconf 81' lang='lat' dir='ltr'><strong>nt</strong></span> <span class='ocrx_word' id='word_1_421' title='bbox 1247 3932 1287 3981; x_wconf 88' lang='lat' dir='ltr'><strong>est</strong></span> <span class='ocrx_word' id='word_1_422' title='bbox 1296 3925 1388 3981; x_wconf 80' lang='lat' dir='ltr'><strong>llsulee</strong></span> 
     </span>
     <span class='ocr_line' id='line_1_40' title="bbox 239 3977 1148 4079; baseline 0.004 -18"><span class='ocrx_word' id='word_1_423' title='bbox 239 4019 370 4075; x_wconf 54' lang='lat' dir='ltr'><strong>mum,</strong></span> <span class='ocrx_word' id='word_1_424' title='bbox 384 3977 599 4079; x_wconf 56' lang='lat' dir='ltr'><strong>nobismori</strong></span> <span class='ocrx_word' id='word_1_425' title='bbox 622 4005 1148 4065; x_wconf 61' lang='lat' dir='ltr'><strong>numerusnumerous.</strong></span> 
     </span>
    </p>

    <p class='ocr_par' dir='ltr' id='par_1_7' title="bbox 239 4090 1388 4249">
     <span class='ocr_line' id='line_1_41' title="bbox 293 4090 1388 4163; baseline 0.006 -19"><span class='ocrx_word' id='word_1_426' title='bbox 293 4090 389 4163; x_wconf 72' lang='grc' dir='ltr'><strong>Ῥιῃιᾶ</strong></span> <span class='ocrx_word' id='word_1_427' title='bbox 403 4091 445 4144; x_wconf 79' lang='lat' dir='ltr'><strong>sul</strong></span> <span class='ocrx_word' id='word_1_428' title='bbox 461 4090 545 4161; x_wconf 73' lang='grc' dir='ltr'><strong>Σιβᾶ,</strong></span> <span class='ocrx_word' id='word_1_429' title='bbox 562 4091 647 4160; x_wconf 61' lang='lat' dir='ltr'><strong>euti]</strong></span> <span class='ocrx_word' id='word_1_430' title='bbox 668 4091 740 4148; x_wconf 83' lang='lat' dir='ltr'><strong>(lorr.</strong></span> <span class='ocrx_word' id='word_1_431' title='bbox 752 4090 898 4161; x_wconf 65' lang='lat' dir='ltr'><strong>229«th</strong></span> <span class='ocrx_word' id='word_1_432' title='bbox 916 4093 962 4163; x_wconf 89' lang='lat' dir='ltr'><strong>qni</strong></span> <span class='ocrx_word' id='word_1_433' title='bbox 977 4093 1045 4147; x_wconf 83' lang='lat' dir='ltr'><strong>inter</strong></span> <span class='ocrx_word' id='word_1_434' title='bbox 1060 4094 1129 4150; x_wconf 85' lang='lat' dir='ltr'><strong>filios</strong></span> <span class='ocrx_word' id='word_1_435' title='bbox 1146 4095 1216 4152; x_wconf 75' lang='lat' dir='ltr'><strong>(ihus</strong></span> <span class='ocrx_word' id='word_1_436' title='bbox 1234 4103 1388 4153; x_wconf 72' lang='lat' dir='ltr'><strong>mcensetnr.</strong></span> 
     </span>
     <span class='ocr_line' id='line_1_42' title="bbox 239 4173 1301 4249; baseline 0.008 -21"><span class='ocrx_word' id='word_1_437' title='bbox 239 4173 278 4229; x_wconf 78' lang='lat' dir='ltr'><strong>iro</strong></span> <span class='ocrx_word' id='word_1_438' title='bbox 287 4176 360 4230; x_wconf 68' lang='lat' dir='ltr'><strong>nee</strong></span> <span class='ocrx_word' id='word_1_439' title='bbox 369 4178 483 4231; x_wconf 76' lang='lat' dir='ltr'><strong>fortusse</strong></span> <span class='ocrx_word' id='word_1_440' title='bbox 494 4175 575 4242; x_wconf 72' lang='lat' dir='ltr'><strong>Aaou,</strong></span> <span class='ocrx_word' id='word_1_441' title='bbox 585 4177 683 4248; x_wconf 80' lang='lat' dir='ltr'><strong>quippe</strong></span> <span class='ocrx_word' id='word_1_442' title='bbox 693 4177 808 4249; x_wconf 73' lang='lat' dir='ltr'><strong>deotulp</strong></span> <span class='ocrx_word' id='word_1_443' title='bbox 818 4178 886 4232; x_wconf 89' lang='lat' dir='ltr'><strong>inter</strong></span> <span class='ocrx_word' id='word_1_444' title='bbox 897 4176 966 4232; x_wconf 89' lang='lat' dir='ltr'><strong>lilios</strong></span> <span class='ocrx_word' id='word_1_445' title='bbox 977 4179 1112 4235; x_wconf 78' lang='lat' dir='ltr'><strong>idestrsim</strong></span> <span class='ocrx_word' id='word_1_446' title='bbox 1123 4191 1301 4240; x_wconf 82' lang='lat' dir='ltr'><strong>numerentur.</strong></span> 
     </span>
    </p>

    <p class='ocr_par' dir='ltr' id='par_1_8' title="bbox 239 4260 1390 4512">
     <span class='ocr_line' id='line_1_43' title="bbox 293 4260 1390 4340; baseline 0.008 -25"><span class='ocrx_word' id='word_1_447' title='bbox 293 4261 331 4315; x_wconf 71' lang='lat' dir='ltr'><strong>&#39;li</strong></span> <span class='ocrx_word' id='word_1_448' title='bbox 341 4262 406 4333; x_wconf 69' lang='grc' dir='ltr'><strong>πρὸς</strong></span> <span class='ocrx_word' id='word_1_449' title='bbox 415 4267 447 4333; x_wconf 78' lang='grc' dir='ltr'><strong>τῇ</strong></span> <span class='ocrx_word' id='word_1_450' title='bbox 458 4261 580 4333; x_wconf 72' lang='lat' dir='ltr'><strong>puplipor</strong></span> <span class='ocrx_word' id='word_1_451' title='bbox 590 4261 684 4333; x_wconf 64' lang='lat' dir='ltr'><strong>gripu]</strong></span> <span class='ocrx_word' id='word_1_452' title='bbox 709 4263 752 4316; x_wconf 80' lang='lat' dir='ltr'><strong>An</strong></span> <span class='ocrx_word' id='word_1_453' title='bbox 763 4260 893 4333; x_wconf 69' lang='lat' dir='ltr'><strong>&#39;Apidoei</strong></span> <span class='ocrx_word' id='word_1_454' title='bbox 909 4279 945 4316; x_wconf 82' lang='lat' dir='ltr'><strong>su</strong></span> <span class='ocrx_word' id='word_1_455' title='bbox 957 4265 1044 4335; x_wconf 86' lang='lat' dir='ltr'><strong>potius</strong></span> <span class='ocrx_word' id='word_1_456' title='bbox 1056 4263 1231 4340; x_wconf 75' lang='grc' dir='ltr'>Γαραμάντων,</span> <span class='ocrx_word' id='word_1_457' title='bbox 1248 4283 1310 4324; x_wconf 79' lang='lat' dir='ltr'><strong>nem</strong></span> <span class='ocrx_word' id='word_1_458' title='bbox 1324 4267 1390 4324; x_wconf 78' lang='lat' dir='ltr'><strong>haec</strong></span> 
     </span>
     <span class='ocr_line' id='line_1_44' title="bbox 239 4345 1389 4420; baseline 0.006 -19"><span class='ocrx_word' id='word_1_459' title='bbox 239 4347 310 4401; x_wconf 63' lang='lat' dir='ltr'><strong>vitm</strong></span> <span class='ocrx_word' id='word_1_460' title='bbox 320 4355 385 4402; x_wconf 84' lang='lat' dir='ltr'><strong>sunt</strong></span> <span class='ocrx_word' id='word_1_461' title='bbox 395 4347 510 4402; x_wconf 73' lang='lat' dir='ltr'><strong>numius</strong></span> <span class='ocrx_word' id='word_1_462' title='bbox 535 4345 585 4402; x_wconf 70' lang='lat' dir='ltr'><strong>nce</strong></span> <span class='ocrx_word' id='word_1_463' title='bbox 595 4347 641 4417; x_wconf 86' lang='lat' dir='ltr'><strong>qui</strong></span> <span class='ocrx_word' id='word_1_464' title='bbox 651 4345 797 4418; x_wconf 76' lang='lat' dir='ltr'><strong>Regsmem</strong></span> <span class='ocrx_word' id='word_1_465' title='bbox 807 4346 965 4415; x_wconf 84' lang='lat' dir='ltr'><strong>Ptolomsei,</strong></span> <span class='ocrx_word' id='word_1_466' title='bbox 982 4366 1049 4420; x_wconf 85' lang='lat' dir='ltr'><strong>quse</strong></span> <span class='ocrx_word' id='word_1_467' title='bbox 1065 4358 1106 4406; x_wconf 87' lang='lat' dir='ltr'><strong>est</strong></span> <span class='ocrx_word' id='word_1_468' title='bbox 1120 4354 1148 4407; x_wconf 90' lang='lat' dir='ltr'><strong>iu</strong></span> <span class='ocrx_word' id='word_1_469' title='bbox 1159 4355 1255 4410; x_wconf 74' lang='lat' dir='ltr'><strong>Arabis</strong></span> <span class='ocrx_word' id='word_1_470' title='bbox 1270 4354 1344 4409; x_wconf 83' lang='lat' dir='ltr'><strong>felioc</strong></span> <span class='ocrx_word' id='word_1_471' title='bbox 1356 4355 1389 4408; x_wconf 84' lang='lat' dir='ltr'><strong>ud</strong></span> 
     </span>
     <span class='ocr_line' id='line_1_45' title="bbox 240 4411 1204 4512; baseline -0.008 -9"><span class='ocrx_word' id='word_1_472' title='bbox 240 4427 488 4504; x_wconf 58' lang='lat' dir='ltr'><strong>lenonum</strong></span> <span class='ocrx_word' id='word_1_473' title='bbox 502 4431 535 4486; x_wconf 62' lang='grc' dir='ltr'>ὼ</span> <span class='ocrx_word' id='word_1_474' title='bbox 546 4430 809 4503; x_wconf 63' lang='lat' dir='ltr'><strong>quereum,</strong></span> <span class='ocrx_word' id='word_1_475' title='bbox 821 4431 862 4486; x_wconf 73' lang='lat'><strong>22·</strong></span> <span class='ocrx_word' id='word_1_476' title='bbox 881 4437 1002 4500; x_wconf 68' lang='lat' dir='ltr'><strong>nunni</strong></span> <span class='ocrx_word' id='word_1_477' title='bbox 1019 4441 1098 4499; x_wconf 77' lang='lat' dir='ltr'><strong>ruo</strong></span> <span class='ocrx_word' id='word_1_478' title='bbox 1114 4411 1204 4512; x_wconf 59' lang='lat' dir='ltr'><strong>eben.</strong></span> 
     </span>
    </p>
   </div>
   <div class='ocr_carea' id='block_1_5' title="bbox 241 4515 1390 4673">
    <p class='ocr_par' dir='ltr' id='par_1_9' title="bbox 241 4515 1390 4673">
     <span class='ocr_line' id='line_1_46' title="bbox 293 4515 1389 4596; baseline 0.009 -24"><span class='ocrx_word' id='word_1_479' title='bbox 293 4518 324 4576; x_wconf 82' lang='lat' dir='ltr'><strong>ll.</strong></span> <span class='ocrx_word' id='word_1_480' title='bbox 333 4537 372 4576; x_wconf 72' lang='grc' dir='ltr'><strong>η</strong></span> <span class='ocrx_word' id='word_1_481' title='bbox 390 4515 493 4588; x_wconf 52' lang='lat' dir='ltr'><strong>lippit</strong></span> <span class='ocrx_word' id='word_1_482' title='bbox 504 4517 552 4589; x_wconf 74' lang='grc' dir='ltr'><strong>γὰρ</strong></span> <span class='ocrx_word' id='word_1_483' title='bbox 564 4516 704 4587; x_wconf 67' lang='lat' dir='ltr'><strong>denisio]</strong></span> <span class='ocrx_word' id='word_1_484' title='bbox 730 4516 814 4582; x_wconf 84' lang='lat' dir='ltr'><strong>Quem</strong></span> <span class='ocrx_word' id='word_1_485' title='bbox 824 4517 942 4589; x_wconf 85' lang='lat' dir='ltr'><strong>plerique</strong></span> <span class='ocrx_word' id='word_1_486' title='bbox 953 4535 1044 4576; x_wconf 86' lang='lat' dir='ltr'><strong>omues</strong></span> <span class='ocrx_word' id='word_1_487' title='bbox 1061 4521 1225 4596; x_wconf 84' lang='lat' dir='ltr'><strong>chronologi,</strong></span> <span class='ocrx_word' id='word_1_488' title='bbox 1242 4525 1295 4579; x_wconf 89' lang='lat' dir='ltr'><strong>imo</strong></span> <span class='ocrx_word' id='word_1_489' title='bbox 1307 4531 1334 4581; x_wconf 91' lang='lat' dir='ltr'><strong>et</strong></span> <span class='ocrx_word' id='word_1_490' title='bbox 1344 4543 1389 4582; x_wconf 85' lang='lat' dir='ltr'><strong>sn·</strong></span> 
     </span>
     <span class='ocr_line' id='line_1_47' title="bbox 241 4601 1390 4673; baseline 0.005 -13"><span class='ocrx_word' id='word_1_491' title='bbox 241 4602 405 4673; x_wconf 73' lang='lat' dir='ltr'><strong>t&#39;qnil’ntres,</strong></span> <span class='ocrx_word' id='word_1_492' title='bbox 419 4602 514 4658; x_wconf 88' lang='lat' dir='ltr'><strong>Belum</strong></span> <span class='ocrx_word' id='word_1_493' title='bbox 523 4603 606 4658; x_wconf 83' lang='lat' dir='ltr'><strong>inisse</strong></span> <span class='ocrx_word' id='word_1_494' title='bbox 616 4607 737 4669; x_wconf 87' lang='lat' dir='ltr'><strong>censent,</strong></span> <span class='ocrx_word' id='word_1_495' title='bbox 753 4601 898 4673; x_wconf 78' lang='lat' dir='ltr'><strong>Bsbylonis</strong></span> <span class='ocrx_word' id='word_1_496' title='bbox 913 4605 1083 4665; x_wconf 86' lang='lat' dir='ltr'><strong>conditorem.</strong></span> <span class='ocrx_word' id='word_1_497' title='bbox 1108 4609 1191 4666; x_wconf 84' lang='lat' dir='ltr'><strong>liuius</strong></span> <span class='ocrx_word' id='word_1_498' title='bbox 1206 4609 1290 4665; x_wconf 86' lang='lat' dir='ltr'><strong>tilium</strong></span> <span class='ocrx_word' id='word_1_499' title='bbox 1307 4613 1390 4666; x_wconf 77' lang='lat' dir='ltr'><strong>Assem</strong></span> 
     </span>
    </p>
   </div>
   <div class='ocr_carea' id='block_1_6' title="bbox 241 4685 1389 4852">
    <p class='ocr_par' dir='ltr' id='par_1_10' title="bbox 241 4685 1389 4852">
     <span class='ocr_line' id='line_1_48' title="bbox 241 4685 1388 4760; baseline 0.006 -15"><span class='ocrx_word' id='word_1_500' title='bbox 241 4686 385 4760; x_wconf 74' lang='lat' dir='ltr'><strong>lipiplennins</strong></span> <span class='ocrx_word' id='word_1_501' title='bbox 400 4687 478 4742; x_wconf 74' lang='lat' dir='ltr'><strong>iecit:</strong></span> <span class='ocrx_word' id='word_1_502' title='bbox 495 4703 573 4759; x_wconf 88' lang='lat' dir='ltr'><strong>quem</strong></span> <span class='ocrx_word' id='word_1_503' title='bbox 590 4688 696 4760; x_wconf 85' lang='lat' dir='ltr'><strong>quidem</strong></span> <span class='ocrx_word' id='word_1_504' title='bbox 712 4685 811 4743; x_wconf 79' lang='lat' dir='ltr'><strong>Ninum</strong></span> <span class='ocrx_word' id='word_1_505' title='bbox 826 4687 908 4744; x_wconf 76' lang='lat' dir='ltr'><strong>fuisse</strong></span> <span class='ocrx_word' id='word_1_506' title='bbox 924 4705 972 4760; x_wconf 79' lang='lat' dir='ltr'><strong>pur</strong></span> <span class='ocrx_word' id='word_1_507' title='bbox 989 4697 1042 4760; x_wconf 84' lang='lat' dir='ltr'><strong>eet,</strong></span> <span class='ocrx_word' id='word_1_508' title='bbox 1060 4695 1084 4748; x_wconf 91' lang='lat' dir='ltr'><strong>sl</strong></span> <span class='ocrx_word' id='word_1_509' title='bbox 1094 4693 1237 4750; x_wconf 81' lang='lat' dir='ltr'><strong>Nembrotlr</strong></span> <span class='ocrx_word' id='word_1_510' title='bbox 1248 4697 1317 4751; x_wconf 87' lang='lat' dir='ltr'><strong>idem</strong></span> <span class='ocrx_word' id='word_1_511' title='bbox 1329 4713 1388 4751; x_wconf 87' lang='lat' dir='ltr'><strong>enm</strong></span> 
     </span>
     <span class='ocr_line' id='line_1_49' title="bbox 242 4769 1389 4852; baseline 0.01 -25"><span class='ocrx_word' id='word_1_512' title='bbox 242 4769 294 4827; x_wconf 85' lang='lat' dir='ltr'><strong>Belo</strong></span> <span class='ocrx_word' id='word_1_513' title='bbox 303 4775 391 4830; x_wconf 76' lang='lat' dir='ltr'><strong>inerite</strong></span> <span class='ocrx_word' id='word_1_514' title='bbox 403 4773 533 4830; x_wconf 83' lang='lat' dir='ltr'><strong>etesdem</strong></span> <span class='ocrx_word' id='word_1_515' title='bbox 540 4775 680 4846; x_wconf 79' lang='lat' dir='ltr'><strong>utrobique</strong></span> <span class='ocrx_word' id='word_1_516' title='bbox 689 4773 830 4844; x_wconf 87' lang='lat' dir='ltr'><strong>colligendi</strong></span> <span class='ocrx_word' id='word_1_517' title='bbox 837 4775 912 4830; x_wconf 72' lang='lat' dir='ltr'><strong>ratio.</strong></span> <span class='ocrx_word' id='word_1_518' title='bbox 930 4775 999 4832; x_wconf 77' lang='lat' dir='ltr'><strong>Nem</strong></span> <span class='ocrx_word' id='word_1_519' title='bbox 1006 4777 1086 4834; x_wconf 89' lang='lat' dir='ltr'><strong>Belns</strong></span> <span class='ocrx_word' id='word_1_520' title='bbox 1094 4779 1256 4852; x_wconf 76' lang='lat' dir='ltr'><strong>Bsbylonem</strong></span> <span class='ocrx_word' id='word_1_521' title='bbox 1265 4783 1389 4850; x_wconf 74' lang='lat' dir='ltr'><strong>extruxit,</strong></span> 
     </span>
    </p>
   </div>
   <div class='ocr_carea' id='block_1_7' title="bbox 243 4857 1389 4934">
    <p class='ocr_par' dir='ltr' id='par_1_11' title="bbox 243 4857 1389 4934">
     <span class='ocr_line' id='line_1_50' title="bbox 243 4857 1389 4934; baseline 0.01 -24"><span class='ocrx_word' id='word_1_522' title='bbox 243 4858 347 4916; x_wconf 57' lang='lat' dir='ltr'><strong>cimus</strong></span> <span class='ocrx_word' id='word_1_523' title='bbox 356 4857 478 4918; x_wconf 78' lang='lat' dir='ltr'><strong>lliniren.</strong></span> <span class='ocrx_word' id='word_1_524' title='bbox 503 4859 586 4932; x_wconf 75' lang='lat' dir='ltr'><strong>Atqui</strong></span> <span class='ocrx_word' id='word_1_525' title='bbox 594 4860 708 4932; x_wconf 85' lang='lat' dir='ltr'><strong>priorem</strong></span> <span class='ocrx_word' id='word_1_526' title='bbox 724 4873 742 4913; x_wconf 81' lang='lat' dir='ltr'><strong>e</strong></span> <span class='ocrx_word' id='word_1_527' title='bbox 757 4857 913 4928; x_wconf 79' lang='lat' dir='ltr'><strong>tiembrotir,</strong></span> <span class='ocrx_word' id='word_1_528' title='bbox 929 4865 1098 4934; x_wconf 86' lang='lat' dir='ltr'><strong>posteriorem</strong></span> <span class='ocrx_word' id='word_1_529' title='bbox 1114 4867 1148 4921; x_wconf 86' lang='lat' dir='ltr'><strong>nb</strong></span> <span class='ocrx_word' id='word_1_530' title='bbox 1159 4868 1243 4925; x_wconf 67' lang='lat' dir='ltr'><strong>menn</strong></span> <span class='ocrx_word' id='word_1_531' title='bbox 1258 4870 1389 4926; x_wconf 62' lang='lat' dir='ltr'><strong>dunum</strong></span> 
     </span>
    </p>
   </div>
   <div class='ocr_carea' id='block_1_8' title="bbox 0 0 1834 5642">
    <p class='ocr_par' dir='ltr' id='par_1_12' title="bbox 0 0 1834 5642">
     <span class='ocr_line' id='line_1_51' title="bbox 0 0 1834 5642; baseline 0 0"><span class='ocrx_word' id='word_1_532' title='bbox 0 0 1834 5642; x_wconf 95' lang='lat' dir='ltr'><strong> </strong></span> 
     </span>
    </p>
   </div>
  </div>
 </body>
</html>
