3650 5642
437 606 482 663 ΟΠ

438 762 494 827 Quo
511 762 553 829 fit,
570 766 600 815 ut
615 761 638 815 si
653 764 721 813 retro
738 759 860 829 progredi
870 759 996 825 volueris,
1011 774 1096 812 annus
1112 759 1211 829 primus
1227 759 1293 828 cycli
1303 758 1458 828 Dionysianl
1475 756 1584 827 proxime

437 847 623 902 incarnationis
635 860 665 899 eo
676 844 820 898 nativitatis
832 860 930 898 annum
941 845 1085 915 praecedat.
1103 845 1175 897 Idem
1186 845 1213 897 in
1221 843 1348 913 Computo
1359 860 1417 915 cap.
1426 861 1493 896 xvn.
1502 842 1586 911 repetit

437 933 522 998 Beda,
535 938 561 985 et
573 948 605 985 ue
618 947 669 1000 qua
681 930 805 983 dubitatio
817 932 902 1001 possit
913 946 984 995 esee,
996 935 1080 983 certos
1091 929 1252 983 characteres
1263 929 1343 993 addit,
1356 930 1454 1000 quibua
1465 926 1585 980 amundus

438 1020 480 1072 ille
493 1034 576 1071 annus
588 1017 654 1087 cycli
663 1017 696 1069 ab
709 1016 766 1069 aliis
778 1015 939 1069 discernitur.
961 1016 1047 1068 Veluti
1058 1015 1129 1085 qnod
1140 1021 1243 1086 epactas
1254 1014 1372 1068 habuerit
1381 1032 1424 1079 ιι,
1441 1028 1587 1067 concurren-

438 1109 477 1157 tes
490 1120 514 1167 v,
526 1102 588 1156 lune
599 1102 661 1155 item
673 1118 726 1155 ιιι.
737 1102 764 1154 in
777 1120 833 1155 rur.
841 1101 898 1153 Kal.
909 1101 984 1171 Apu,
996 1100 1126 1155 dominice
1135 1116 1197 1155 rero
1207 1100 1337 1171 paschalis
1347 1100 1523 1170 mliahdpr,
1532 1098 1588 1149 lnue

438 1207 492 1243 rvr.
516 1188 562 1242 Est
573 1188 643 1241 enim
653 1186 695 1240 hic
708 1182 791 1240 annui
804 1202 878 1239 aerae
890 1187 1035 1240 communis
1045 1187 1158 1257 primus,
1172 1187 1247 1256 cyclo
1257 1186 1321 1239 eolis
1332 1204 1371 1251 1.,
1387 1188 1467 1240 lunae
1480 1202 1521 1248 m,
1536 1198 1589 1252 epa·

439 1278 495 1327 ctae
507 1290 557 1338 ιι,
570 1278 750 1327 concurrentes
762 1292 786 1325 v.
809 1271 977 1325 Novilunium
988 1272 1102 1325 medium
1116 1288 1150 1325 er
1161 1271 1266 1325 Friaicis
1277 1272 1380 1325 Mulieri
1389 1270 1500 1324 Tabulis
1510 1266 1590 1320 Martii

438 1376 496 1413 ιιιι.
507 1358 571 1413 hora
582 1359 607 1423 7,
618 1358 659 1423 59,
672 1358 713 1424 39,
724 1364 784 1429 poet
795 1356 862 1411 med.
873 1362 987 1421 uocum,
1005 1358 1068 1411 luna
1079 1374 1144 1421 nn,
1160 1358 1248 1410 blartii
1258 1376 1341 1412 rnen:
1358 1357 1404 1409 sed
1416 1358 1450 1410 ob
1462 1354 1589 1426 aporipfou

439 1444 559 1499 Nicasnie
571 1445 744 1515 temporibus,
756 1442 788 1496 ad
800 1456 866 1512 quae
875 1442 1016 1511 Dionysius
1027 1444 1130 1512 cyclum
1138 1458 1215 1496 auum
1226 1442 1325 1513 dirigit,
1337 1442 1502 1495 novilunium
1512 1436 1591 1492 hierii

439 1546 499 1593 ιιι,
516 1530 579 1583 luna
589 1546 656 1594 niu,
673 1529 760 1583 Martii
771 1546 844 1593 un,
861 1528 915 1581 sive
927 1544 983 1583 vru.
994 1527 1051 1581 lial.
1061 1529 1135 1598 Apu,
1151 1530 1188 1583 lit
1199 1527 1319 1581 dominic
1334 1526 1365 1583 B.
1388 1526 1501 1580 Proinde
1511 1522 1590 1578 ttsrtii

440 1632 522 1670 xxvrr.
535 1615 673 1670 dominica.
692 1615 757 1669 Hinc
769 1612 901 1683 estquod,
913 1618 944 1666 ut
954 1613 1043 1667 scribit
1050 1612 1134 1679 Beda,
1146 1614 1287 1683 Dionysius
1296 1612 1330 1667 ad
1337 1612 1491 1666 methodum
1499 1611 1591 1663 decem

440 1702 592 1755 novennalis
604 1700 679 1754 annia
692 1700 789 1755 domini
807 1716 887 1753 uuum
903 1699 980 1752 adiici
995 1700 1080 1763 iubet,
1096 1702 1245 1769 mystificane
1255 1701 1301 1750 ilic
1312 1704 1451 1751 {memoro
1461 1715 1536 1749 am
1547 1698 1591 1744 eir·

442 1787 493 1838 cuii
501 1786 732 1839 decemnovennalis
744 1804 834 1837 nonum
846 1789 988 1855 iernsue'aac
999 1786 1154 1854 completum.
1172 1784 1272 1848 Quibus
1283 1800 1316 1836 ex
1328 1783 1418 1837 Bedae
1427 1780 1591 1851 Dionysiique

440 1872 525 1925 verbis
543 1872 663 1925 vitiosam
679 1870 896 1940 Dionysianorum
914 1871 1046 1940 cyclorum
1063 1870 1260 1939 descriptionem
1275 1886 1333 1922 esee
1347 1873 1430 1939 patet,
1446 1883 1517 1939 qnae
1532 1862 1592 1933 apud

442 1957 553 2010 eundem
565 1955 664 2009 Bedam
675 1960 745 2009 torno
758 1974 776 2011 r.
789 1956 923 2027 reperitur.
952 1955 991 2009 Ibi
1007 1955 1078 2007 euim
1093 1971 1162 2007 anno
1178 1955 1261 2025 primo
1277 1954 1382 2008 literali
1399 1955 1515 2024 ponitur,
1531 1964 1591 2002 anuo

442 2042 566 2106 secundo,
584 2041 620 2105 D,
633 2041 660 2096 (ι.
684 2040 762 2111 Atqui
775 2042 872 2111 primus
885 2056 969 2093 annus
981 2041 1048 2110 cycli
1058 2040 1211 2109 Dionysiam
1224 2040 1351 2093 bisextilis
1368 2045 1420 2104 est,
1437 2056 1493 2093 uon
1509 2050 1592 2089 secun·

442 2126 501 2191 dns,
514 2127 559 2197 qui
570 2125 649 2179 habet
660 2126 760 2180 literam
773 2126 803 2191 B,
815 2127 853 2180 uti
864 2127 935 2197 prior
945 2125 977 2190 D,
986 2124 1016 2180 0.
1034 2126 1095 2179 ideo
1106 2126 1199 2179 merito
1209 2122 1282 2179 Beda
1292 2126 1405 2178 correxit
1415 2130 1443 2177 ct
1453 2121 1592 2178 bissextilem

442 2212 508 2281 cycli
524 2212 637 2282 primum
654 2226 751 2269 annum
767 2228 824 2265 esse
836 2213 926 2266 voluit,
961 2211 1116 2281 Quanquam
1133 2212 1260 2282 suspicari
1275 2212 1334 2264 licet
1344 2210 1502 2281 Dionysium
1517 2207 1592 2279 primo

442 2312 540 2351 annum
548 2300 662 2352 natalem
671 2299 698 2353 in
707 2299 812 2352 tertium
821 2296 924 2369 Olymp.
932 2312 1020 2351 cxciv.
1030 2297 1209 2351 couiicientem
1222 2302 1290 2349 recte
1303 2295 1442 2349 adnotasse
1450 2294 1591 2367 proximam

442 2383 517 2437 illum
528 2388 588 2437 ente
600 2386 747 2438 bisextilem
759 2384 852 2453 fuisse,
868 2384 944 2454 eique
959 2388 1096 2453 propterea
1112 2384 1213 2436 literam
1224 2382 1245 2435 li
1256 2382 1389 2446 tribuisse,
1404 2388 1500 2452 postea
1513 2388 1591 2432 maneo

442 2468 629 2524 hallucinatum
646 2471 758 2524 natalem
777 2470 950 2523 summovisse
966 2468 1104 2521 insonum
1115 2486 1149 2522 ιι.
1162 2467 1264 2538 Olymp.
1276 2466 1403 2531 eiusdem,
1420 2468 1463 2520 vel
1480 2471 1548 2520 certe
1563 2462 1593 2513 ιι·

442 2558 524 2609 teram
535 2556 680 2626 quempiam
693 2554 861 2625 adscripsisse
873 2555 973 2607 literam
981 2554 1014 2619 li,
1027 2570 1105 2624 quern
1117 2554 1254 2607 convenire
1265 2558 1355 2607 nosset
1365 2569 1434 2606 anno
1443 2570 1484 2607 ιιι.
1497 2552 1592 2619 Olymp.

443 2656 544 2706 cxciv„
557 2641 598 2693 cui
610 2640 750 2710 Dionysius
763 2641 877 2693 natalem
889 2641 1081 2709 assignaverat,
1097 2656 1145 2692 nec
1157 2639 1297 2692 advertisse
1312 2640 1399 2692 minua
1414 2637 1466 2692 hoc
1481 2638 1514 2691 ad
1525 2648 1592 2688 suum

442 2725 589 2778 institutum
603 2726 735 2795 quadrare.
755 2725 890 2795 Utcunque
900 2742 961 2778 vero
973 2724 1105 2789 ceciderit,
1116 2742 1164 2778 noe
1176 2740 1263 2778 aeram
1271 2724 1460 2793 Dionysianarn
1471 2740 1525 2777 uno
1536 2718 1593 2773 anti·

443 2812 559 2880 cipamus
573 2826 655 2875 anno,
667 2816 693 2864 ot
704 2826 782 2881 quem
793 2812 836 2864 ille
848 2810 1033 2863 incarnationis
1045 2816 1071 2863 et
1081 2810 1223 2863 nativitatis
1234 2826 1333 2863 annum
1344 2823 1400 2862 ease
1408 2810 1503 2874 voluit,
1514 2803 1593 2878 proxi·

442 2912 515 2949 mum
533 2912 549 2948 a
565 2896 699 2949 nativitate
717 2896 898 2949 constituimus
915 2895 985 2965 quod
1001 2895 1206 2966 imprudentibus
1221 2896 1298 2948 nobis
1310 2895 1433 2965 obrepsit.
1453 2894 1522 2948 (ium
1532 2890 1592 2944 enim

443 2981 553 3034 maiores
565 2982 647 3034 nostri
659 2996 741 3035 annos
754 2982 787 3035 ab
798 2981 975 3034 incarnatione
986 2986 1163 3045 numerarent,
1174 2986 1266 3051 postea
1275 2981 1375 3033 iactum
1386 2986 1440 3043 est,
1456 2984 1487 3032 ut
1500 2978 1545 3049 qui
1555 2990 1593 3027 ne·

443 3067 543 3120 tivitetc
554 3066 641 3138 potius
653 3067 756 3121 initium
767 3072 881 3138 repetere
891 3066 999 3132 vellent,
1011 3082 1070 3119 cum
1080 3084 1106 3119 ιι
1117 3082 1221 3119 menses
1230 3064 1364 3119 detrahere
1372 3064 1509 3129 deberent,
1520 3062 1593 3116 uitus

444 3157 603 3234 antevertere
614 3153 765 3219 maluerint,
777 3160 802 3207 et
814 3154 847 3207 eb
860 3170 889 3207 eo
901 3152 996 3218 nauli,
1008 3152 1054 3223 qui
1064 3152 1247 3205 incarnationis
1259 3151 1384 3223 epocham
1393 3150 1534 3212 antecedit,
1548 3160 1593 3198 noo

445 3240 477 3293 ab
490 3256 520 3293 eo
538 3240 583 3311 qui
599 3240 722 3311 sequitur,
738 3240 892 3294 numerendi
909 3239 1064 3310 principium
1081 3238 1210 3293 duxerint.
1233 3237 1349 3291 'lmetsi
1356 3235 1548 3290 vetustissimus
1558 3230 1594 3283 hit

444 3342 514 3379 error
530 3330 569 3379 eet
584 3325 699 3397 adeoque
715 3325 834 3396 Dionysii
849 3326 932 3396 ipsius
948 3340 979 3377 ac
990 3323 1084 3377 liedes.
1107 3324 1173 3377 Hinc
1187 3323 1233 3377 illa
1242 3323 1314 3376 velut
1328 3338 1363 3376 ex
1377 3321 1479 3393 tripode
1489 3332 1593 3393 pronun·

445 3412 513 3464 ciata
525 3412 664 3465 sententia:
688 3412 776 3465 Habet
787 3415 861 3473 sirim,
875 3412 1023 3478 nisisallor,
1036 3411 1159 3462 ccclesiae
1164 3412 1243 3479 fides,
1262 3410 1385 3461 dominans
1395 3412 1424 3460 in
1436 3426 1516 3460 carne
1521 3402 1594 3477 poulo

440 3498 583 3565 plusquam
595 3514 681 3550 ιιιιιι
693 3501 768 3548 annia
779 3512 854 3565 neque
866 3498 903 3546 cd
913 3513 961 3547 sua
974 3498 1222 3564 temporapuasionis
1232 3498 1335 3558 υιίιεεο,
1347 3497 1409 3564 quic
1419 3495 1539 3546 videlicet
1546 3503 1593 3542 ιιι

446 3598 566 3632 annorum
572 3584 656 3648 siverit
669 3582 824 3649 baptisatus,
841 3584 908 3631 eicon
924 3582 1080 3648 connectitis
1092 3579 1180 3632 Lucae
1197 3588 1311 3643 testatur,
1329 3588 1420 3631 citrea
1430 3583 1509 3631 semia
1525 3587 1594 3629 cenci

442 3674 502 3735 post
511 3666 636 3733 baptisans
645 3667 848 3733 praedicaverit.
871 3664 941 3717 Haec
952 3664 1026 3718 Beda
1037 3680 1093 3736 cap.
1103 3664 1148 3717 illo
1160 3682 1241 3719 xnvrr.
1264 3666 1337 3728 Quae
1350 3665 1374 3717 si
1385 3680 1419 3717 ex
1430 3664 1552 3716 ecclesiae
1570 3660 1594 3709 ui

445 3750 538 3803 assedi
548 3748 598 3802 fide
611 3748 713 3802 decreta
724 3749 788 3815 sint,
800 3748 864 3802 nihil
875 3764 983 3803 caussae
995 3756 1036 3803 eat
1046 3751 1109 3820 quin
1119 3751 1177 3821 ipsa
1193 3756 1283 3803 contra
1298 3764 1463 3803 communem
1479 3745 1594 3801 ecclesiae

444 3834 523 3889 fidem
541 3834 643 3887 sentiat.
671 3834 772 3888 Etenim
788 3833 918 3889 Christum
933 3851 1040 3906 passum
1055 3852 1112 3889 esse
1128 3835 1206 3889 tradit
1221 3852 1290 3889 anno
1307 3850 1383 3888 aerae
1398 3841 1503 3888 nomme
1514 3846 1594 3888 ιιιιτ-

445 3919 519 3973 Unds
532 3920 748 3989 quemadmodum
761 3936 858 3974 annum
870 3936 946 3975 aerae
957 3927 1061 3975 nostrae
1072 3938 1200 3986 oxum,
1217 3922 1262 3992 qui
1277 3927 1318 3974 est
1333 3920 1440 3974 mcundi
1450 3911 1594 3990 Dionysieni

446 4006 512 4075 cycli
529 4006 669 4072 secundus,
688 4007 842 4077 respondere
859 4012 948 4060 censet
959 4024 1027 4061 anno
1038 4007 1077 4059 illi
1088 4023 1140 4077 quo
1153 4006 1270 4061 Christus
1281 4007 1430 4060 incarnatus
1447 4012 1500 4070 est,
1517 4006 1553 4058 ita
1567 3996 1594 4052 ad

446 4108 539 4146 nrxxn
548 4090 607 4145 addi
616 4092 786 4159 iubetxxrrv,
799 4098 828 4145 ut
836 4090 900 4147 fiant
909 4110 998 4158 nuxvr,
1011 4093 1056 4162 qui
1064 4108 1149 4147 annus
1157 4093 1312 4163 respondeat
1320 4092 1441 4146 alteriilli
1449 4108 1501 4162 quo
1511 4100 1593 4161 passus

446 4183 487 4232 est
498 4177 628 4239 dominus,
646 4178 690 4246 qui
707 4184 746 4231 est
758 4194 832 4231 aerae
844 4195 934 4233 ιιιιι.
956 4180 1072 4249 Apparet
1086 4180 1166 4249 igitur
1178 4178 1247 4247 apud
1258 4177 1357 4231 Bedam
1369 4184 1396 4231 et
1406 4178 1559 4246 Dionysium
1568 4186 1593 4223 οῦ

447 4280 529 4329 enno,
541 4262 585 4332 qni
597 4268 637 4315 eat
647 4278 722 4316 aerae
734 4264 879 4317 communia
888 4281 985 4329 ιιιιι,
998 4264 1064 4332 cycli
1075 4262 1226 4333 Dionysiani
1235 4281 1322 4328 mv,
1334 4262 1465 4316 Christum
1477 4279 1533 4315 esse
1544 4273 1593 4331 pas·

448 4366 514 4403 euru.
537 4348 621 4413 Quare
634 4364 705 4413 cum,
721 4354 750 4401 ut
765 4350 803 4402 illi
820 4354 950 4413 statuunt,
967 4364 1036 4403 anuo
1048 4350 1115 4418 cycli
1126 4346 1253 4413 secundo,
1266 4364 1340 4401 aerae
1352 4352 1440 4401 autem
1451 4347 1548 4418 primq,
1561 4344 1593 4395 in·

447 4439 568 4488 carnatus
580 4438 708 4504 notusque
719 4432 754 4487 sit
765 4434 897 4499 dominus,
910 4450 968 4487 cum
977 4450 1070 4505 possus
1079 4440 1131 4498 est,
1143 4448 1225 4486 annos
1237 4434 1384 4487 absolverat
1394 4434 1593 4486 duntaxatxrru

450 4536 508 4573 cum
520 4521 619 4591 aliquot
628 4518 770 4573 mensibus.
792 4518 848 4573 Nisi
860 4520 926 4574 forte
937 4536 1035 4573 annum
1047 4520 1139 4572 octaba
1151 4519 1263 4589 primunr
1273 4534 1440 4572 numeremus
1450 4518 1537 4583 illum,
1550 4529 1592 4586 quo

446 4604 474 4658 in
486 4610 558 4659 utero
570 4606 660 4659 matris
673 4610 787 4675 gestatus
800 4610 853 4671 eet;
871 4606 940 4676 quod
957 4604 1171 4657 absurdissimum
1188 4608 1235 4658 est.
1264 4604 1296 4657 st
1307 4610 1394 4658 iernen
1406 4603 1551 4673 (iampanus
1561 4601 1593 4652 iu·

447 4690 530 4759 signis
543 4698 722 4761 computorum
735 4690 827 4744 artifex
846 4691 873 4743 in
889 4690 952 4743 illud
969 4692 1103 4759 prolapsus
1121 4696 1169 4743 est.
1204 4689 1271 4743 Nam
1285 4690 1312 4743 in
1324 4690 1452 4761 Computo
1464 4704 1519 4759 cap.
1531 4702 1592 4742 rrrr·

448 4780 474 4827 et
485 4792 567 4829 ιιιιι.
592 4776 723 4830 Christum
738 4774 871 4829 dominum
889 4782 981 4828 natum
997 4781 1129 4828 asseverat
1146 4790 1214 4829 auno
1231 4777 1298 4845 cycli
1311 4774 1551 4828 decemnovennalis
1561 4786 1592 4823 se·

447 4857 544 4925 cundo,
557 4860 622 4930 cycli
630 4878 690 4916 tero
703 4866 852 4933 epactarum
863 4862 952 4927 tertio,
965 4866 1025 4914 ante
1038 4878 1058 4915 ιι
1068 4877 1172 4915 menses
1184 4860 1317 4923 modesto,
1329 4858 1370 4913 die
1378 4860 1502 4913 vicesima
1512 4862 1592 4929 quarta
