3650 5642
1337 612 1418 673 CCIX

330 764 380 821 Sed
397 765 432 820 ad
450 772 567 821 aeterum
581 771 686 838 petrum
700 767 851 821 testimonia
866 784 897 821 ac
913 768 1014 839 priscae
1031 768 1100 823 illius
1118 768 1239 823 ecclesiae
1255 787 1374 825 uernam
1391 776 1418 825 et
1442 777 1516 833 plat.

266 866 427 905 comnnmm
437 851 501 905 adeo
513 868 620 907 musam
631 853 749 907 animum
760 852 893 907 adlicieuti
903 854 968 907 milri
983 870 1074 925 perum
1090 855 1224 909 commode
1238 856 1360 928 pleraque
1372 873 1417 911 ex·

265 936 357 1007 plicata
366 936 494 993 videaur.
530 937 633 991 Etenim
649 938 674 992 si
688 939 839 1008 meierum
850 937 1002 993 delictorum
1014 940 1111 993 conscii
1121 942 1185 995 citra
1195 941 1327 1012 publicum
1338 944 1417 1008 illem,

265 1036 340 1092 quam
354 1029 436 1077 entes
449 1022 636 1094 succepissent,
652 1024 839 1093 poeniteutiam
854 1039 987 1094 emergere
1008 1032 1034 1077 et
1049 1025 1081 1077 ad
1097 1028 1306 1081 cummunionem
1316 1042 1418 1099 pacem-

266 1122 311 1177 que
326 1109 423 1161 maenti
439 1108 546 1161 alteriue
562 1123 594 1163 sc
605 1109 720 1179 privatae
731 1108 858 1163 beneficio
870 1110 1013 1179 potuerint,
1025 1126 1111 1165 noune
1122 1112 1214 1166 melior
1225 1114 1327 1167 illorum
1339 1128 1418 1183 quem

265 1199 422 1247 murorum
438 1193 553 1247 conditio
563 1193 627 1259 init,
643 1194 739 1264 quibus
756 1194 812 1247 sine
828 1194 934 1265 publice
950 1188 1108 1265 poenitentia
1124 1196 1220 1251 reditus
1237 1198 1264 1251 irr
1282 1198 1418 1251 ecclesiam

265 1294 312 1331 roa
327 1280 432 1349 ptuit?
464 1279 545 1348 Atqui
560 1294 638 1332 nemo
653 1284 709 1333 tam
718 1294 809 1333 uecors
826 1280 886 1345 erit,
902 1280 948 1351 qui
963 1279 1101 1335 humanius
1113 1298 1173 1335 cum
1184 1283 1235 1337 illis
1247 1290 1333 1337 ectum
1346 1288 1419 1353 putet

267 1363 306 1432 qui
314 1365 342 1417 in
352 1364 446 1419 sedeur
457 1364 562 1435 saepiam
577 1364 758 1430 incurrissent,
775 1370 802 1418 et
817 1364 921 1435 quidem
939 1364 1065 1419 horrenda
1081 1365 1194 1436 flagitia,
1210 1382 1287 1437 quem
1305 1384 1364 1423 cum
1380 1369 1418 1422 eis

265 1448 306 1519 qai
315 1450 398 1503 semel
408 1465 442 1503 ee
451 1448 655 1514 commisissent3
671 1450 741 1520 quod
756 1466 789 1503 ex
801 1450 847 1503 ille
857 1451 978 1521 opinione
989 1452 1161 1521 consequitur.
1196 1450 1346 1507 Cuiusmodi
1357 1467 1418 1507 vero

264 1533 327 1587 istud
342 1540 398 1597 set,
414 1535 487 1589 velut
502 1535 602 1605 gratiae
618 1550 650 1588 eu
666 1535 786 1589 beneficii
802 1535 859 1589 loco
870 1534 1002 1607 publicem
1013 1536 1085 1589 illem
1097 1536 1281 1607 poeniteutiam
1292 1538 1375 1609 epiese
1387 1554 1418 1591 ac

265 1616 399 1673 difficiliter
408 1620 554 1673 indultam?
584 1618 653 1673 liarn
664 1620 688 1673 si
698 1620 799 1691 privetu
809 1627 837 1673 et
847 1622 949 1675 occulta
966 1621 1072 1691 defungi
1087 1629 1194 1692 possent
1209 1623 1272 1675 etin
1284 1624 1375 1677 eodem
1386 1640 1418 1679 ee

265 1705 353 1758 caeteri
361 1705 422 1759 loce
433 1721 504 1769 esse,
522 1706 580 1775 quis
594 1722 649 1758 nun
660 1712 734 1759 tanto
746 1706 922 1759 molentinrnm
934 1722 964 1759 ac
975 1707 1098 1777 temporie
1110 1708 1262 1778 compendio
1277 1709 1366 1762 mallet
1380 1710 1419 1763 uti

263 1788 478 1860 cupidissimeque
489 1806 529 1854 se,
541 1790 646 1861 publica
656 1791 702 1843 illa
713 1796 874 1862 contempta,
888 1790 921 1843 ed
933 1792 1133 1846 commodiorem
1146 1794 1253 1847 alteram
1265 1794 1418 1847 breviorem·

264 1889 309 1943 que
316 1874 489 1929 meismet?
505 1874 571 1929 Volo
581 1876 652 1929 enim
663 1874 727 1929 illud
738 1874 802 1929 mihi
813 1876 979 1947 respondeat:
992 1875 1042 1941 Qui
1054 1878 1186 1933 atrocioris
1199 1879 1289 1949 cnlpae
1301 1880 1418 1933 conscius

264 1963 314 2011 tum
323 1960 439 2031 primm
451 1960 485 2014 sd
494 1960 681 2031 poeuimtism
692 1960 837 2025 accederet,
853 1967 941 2015 nuum
958 1962 1057 2031 absque
1070 1964 1174 2033 publius
1186 1980 1230 2035 per
1241 1962 1367 2033 privatam
1379 1980 1418 2017 re·

265 2043 330 2097 litui
339 2046 463 2116 potnerit,
476 2061 510 2099 au
520 2046 669 2099 necessario
681 2046 831 2117 usurpanda
838 2047 884 2100 illa
894 2046 980 2101 inerit.
999 2046 1028 2101 Si
1040 2048 1111 2118 priua
1123 2049 1243 2113 dixerint,
1256 2049 1285 2113 ei,
1303 2050 1418 2120 iuquam,

264 2130 434 2184 ueceenriem
443 2130 496 2184 iiiia
506 2131 638 2201 publicem
649 2132 833 2201 poenitentiam
849 2133 1015 2203 negaverint,
1031 2133 1192 2203 antiquitatis
1203 2134 1283 2187 totius
1293 2136 1420 2189 memoria

264 2215 493 2271 burdeilentur.
515 2214 651 2285 Siquidem
661 2218 848 2271 veteraomnie
858 2218 967 2271 coucilia
977 2230 1119 2288 omueeqne
1136 2234 1264 2273 cenenum
1276 2219 1420 2273 conditores

264 2298 297 2351 ita
305 2301 439 2370 publicem
449 2301 530 2371 lapsis
541 2302 729 2372 poenitentiam
745 2303 925 2373 praescribunt
939 2318 970 2355 ac
981 2308 1083 2373 ternpus
1094 2304 1274 2375 rationemque
1285 2304 1419 2370 definiunt,

264 2384 298 2437 ita
310 2402 388 2456 porro
403 2384 593 2451 Tertullianus,
611 2386 769 2457 Cyprianus,
786 2388 926 2453 Pacianna,
944 2388 1043 2458 antiqui
1060 2388 1093 2441 ed
1111 2404 1192 2442 nuum
1208 2405 1299 2442 omnes
1314 2389 1419 2443 eosdem

263 2470 317 2523 iius
326 2468 469 2537 bernado,
481 2470 677 2536 comminando,
689 2472 851 2543 obiurgando
859 2474 902 2526 vel
912 2474 1008 2527 inritos
1023 2480 1117 2543 urgent
1133 2480 1160 2527 et
1170 2474 1318 2543 impellunt,
1332 2481 1360 2527 ut
1371 2474 1419 2527 rui·

264 2556 329 2609 nime
339 2555 391 2611 ecc
402 2557 455 2611 illis
466 2557 598 2627 integrum
607 2556 689 2610 rursm
701 2557 857 2627 significent.
885 2558 977 2611 Restat
986 2558 1074 2628 igitur,
1085 2558 1157 2613 nulio
1169 2566 1197 2613 ut
1208 2559 1271 2623 elio,
1284 2574 1314 2611 ac
1325 2574 1358 2612 ue
1368 2558 1419 2629 pri·

263 2648 335 2695 tatae
351 2640 457 2712 quidem
473 2642 649 2713 poenitentiae
665 2642 783 2697 eubsidio
799 2643 880 2714 recipi
894 2644 923 2697 in
941 2645 1149 2699 communionem
1166 2644 1289 2697 ecclesiae
1305 2645 1420 2714 potuitne

264 2726 410 2781 macedoni.
427 2726 502 2791 Quod
513 2742 572 2781 cum
581 2726 710 2791 dederint,
721 2733 779 2781 tum
790 2727 822 2781 de
832 2729 884 2784 iilis
896 2728 958 2799 quid
970 2716 1084 2783 sentient
1094 2730 1237 2799 requiram,
1250 2730 1295 2799 qui
1306 2729 1418 2783 secunde

264 2810 288 2864 in
296 2812 419 2883 gmriere
428 2818 538 2883 peccata
546 2812 616 2883 lapsi
626 2813 730 2883 publice
745 2813 784 2867 uti
799 2814 960 2884 poenitentia
973 2830 1025 2869 uon
1041 2820 1173 2886 poteraut,
1190 2814 1282 2885 ecquid
1299 2832 1344 2869 ece
1360 2830 1418 2869 cen·

263 2903 332 2951 sent
341 2912 390 2968 per
400 2898 529 2969 privatam
540 2898 727 2969 poeniteutiam
739 2900 901 2953 reconciliari
917 2900 1050 2971 potuisse?
1084 2899 1150 2955 Nem
1167 2900 1191 2954 si
1207 2900 1276 2954 istud
1294 2906 1419 2967 asserent,

263 2998 365 3037 mee
376 2983 427 3037 erit
436 2999 491 3039 una
500 2982 631 3037 fetentur
641 2983 784 3037 ielicierem
794 2985 878 3039 multo
889 2985 1062 3039 conditionem
1076 3000 1166 3039 eorum
1178 2986 1296 3039 exu‘tisee
1307 2988 1352 3057 qui
1363 3002 1419 3039 sae-

263 3068 318 3137 pias
329 3084 411 3139 qnam
421 3084 512 3123 eccum
520 3069 567 3140 qui
576 3069 659 3123 remei
669 3070 761 3123 invite
770 3069 947 3139 deliquissent
965 3069 1039 3134 Quod
1048 3070 1143 3141 quibus
1153 3070 1256 3125 taudem
1265 3073 1419 3142 persuadere

263 3158 398 3222 peterent?

325 3240 393 3295 cm
404 3238 447 3295 hic
462 3240 499 3293 sit
509 3240 669 3310 quaestionis
684 3240 925 3310 controversiaeque
941 3245 1038 3305 statue,
1056 3253 1185 3310 exponam
1203 3239 1313 3295 breviter
1330 3256 1419 3311 quem·

263 3324 399 3379 mnodum
409 3340 452 3379 ree
462 3331 537 3379 tanta
548 3324 655 3380 dissolu
665 3342 725 3379 meo
736 3326 831 3379 iudicio
847 3326 1023 3396 explicarique
1039 3325 1129 3395 possit.
1163 3324 1291 3395 Principio
1303 3332 1419 3396 mrcato-

263 3424 317 3464 rerrr
327 3410 398 3481 apud
408 3411 532 3481 eudquos
542 3410 647 3465 invenio
657 3426 756 3481 genera
765 3410 848 3465 inisse
859 3410 923 3475 duc,
940 3411 990 3464 alia
1006 3410 1137 3475 mortalia,
1153 3410 1207 3463 slve
1219 3410 1341 3481 capitalia
1352 3410 1420 3464 dice-

262 3494 369 3567 lerrtur3
379 3512 433 3551 nou
445 3502 476 3549 nt
485 3512 535 3549 uos
546 3496 691 3566 intelligere
700 3496 781 3565 vulgo
792 3497 906 3550 eulemus
919 3511 1087 3566 quaecunque
1096 3495 1137 3549 dei
1148 3510 1197 3549 nos
1209 3495 1294 3565 gratie
1305 3510 1335 3549 ec
1345 3496 1420 3566 epiri-

262 3580 355 3635 aliem
376 3580 493 3635 caritatis
509 3581 669 3635 ornamentis
686 3582 812 3651 spoliant,
832 3582 878 3635 sed
892 3580 1089 3652 huiua·generis
1107 3588 1176 3635 certa
1192 3580 1333 3647 duntaxat,
1354 3596 1419 3653 quae

263 3680 320 3719 cam
328 3666 453 3737 periere
467 3667 576 3721 caeteris
592 3671 694 3731 esseut,
708 3673 766 3721 tum
777 3667 920 3721 canonibus
932 3682 962 3719 ac
975 3666 1135 3737 synodorum
1146 3666 1255 3721 decretis
1265 3667 1419 3721 nominatim

262 3764 391 3821 supressa
423 3752 494 3807 ilaec
505 3754 626 3823 inquam,
641 3752 764 3823 capitalia
774 3752 957 3817 nominabant,
969 3754 1063 3823 quibus
1075 3768 1173 3823 poenae
1185 3769 1200 3807 a
1212 3752 1356 3807 canonibus
1367 3753 1420 3807 siu·

262 3836 372 3904 ciusen
382 3840 539 3908 propositae.
561 3836 652 3909 Neque
662 3837 733 3891 euinn
743 3837 921 3891 vetustissima
932 3837 977 3889 ilie
988 3848 1104 3908 tempora
1115 3854 1262 3908 persequer,
1278 3838 1372 3907 quibus
1389 3854 1421 3893 ee

262 3919 390 3976 duntaxat
403 3923 527 3994 capitalis
542 3923 701 3977 vocabantur
721 3938 788 3993 quse
805 3923 839 3976 ab
855 3923 928 3976 cmnl
943 3938 989 3992 spe
1006 3923 1197 3977 communionis
1214 3928 1369 3988 arcerentur,
1389 3922 1420 3976 de

262 4008 355 4077 qartus
365 4022 400 4061 ex
410 4007 524 4063 Pacisce
534 4009 644 4079 aliisque
655 4024 734 4079 supra
744 4007 868 4061 diximus.
902 4008 961 4061 Alie
973 4022 1034 4061 vero
1045 4008 1142 4062 leviora
1154 4014 1180 4060 et
1191 4008 1342 4077 quotidiana
1353 4008 1420 4063 clice-

262 4090 509 4163 unaecunque
518 4110 568 4148 noe
579 4092 692 4147 venialis
701 4107 896 4163 nuncupamus,
907 4093 963 4147 sive
973 4092 1071 4162 alioqui
1082 4092 1213 4157 mortalia,
1225 4092 1271 4146 secl
1283 4092 1313 4145 de
1325 4093 1418 4163 quibus

261 4178 333 4231 nelle
341 4179 497 4233 nominatim
509 4185 612 4233 exteret
621 4178 648 4232 in
660 4178 830 4232 conciliorum
841 4178 950 4232 decretis
962 4178 1069 4232 mentio.
1091 4177 1171 4241 Quale
1182 4178 1255 4231 verbi
1265 4179 1350 4248 gratia
1360 4192 1418 4231 esee

261 4268 347 4330 petest
360 4264 477 4334 emerius
492 4264 521 4317 in
538 4278 687 4334 quenquam
704 4262 884 4328 maledictum,
904 4268 950 4316 ent
965 4262 1124 4328 convicium,
1144 4262 1297 4334 periurium,
1317 4262 1418 4332 elinque

262 4354 393 4413 arcente,
404 4364 470 4419 quae
482 4364 632 4419 quanquam
643 4349 732 4403 letalis
743 4349 804 4414 sint,
814 4348 902 4401 nullae
913 4356 1000 4401 tamen
1012 4348 1070 4399 lisa
1082 4349 1225 4402 canonibus
1237 4354 1310 4403 erant
1320 4362 1419 4417 poenae

262 4435 426 4487 mmtitntae.
459 4434 579 4488 Declarst
588 4432 638 4487 hnc
650 4433 776 4504 Origenes
787 4436 846 4487 loco
858 4440 919 4487 ente
931 4434 1008 4486 citato
1020 4432 1106 4485 verbis
1123 4433 1187 4487 istis.
1220 4432 1251 4485 Si
1261 4450 1316 4497 eos,
1328 4432 1419 4502 iuquit,
1444 4448 1520 4501 paee.

263 4519 349 4589 alique
360 4520 440 4589 calpa
448 4521 566 4573 nantolis
574 4523 710 4583 inuenerit,
727 4538 792 4589 qenc
808 4538 858 4571 cce
872 4523 901 4570 in
912 4520 1018 4570 crimine
1028 4519 1142 4581 nuncii,
1159 4534 1207 4571 uon
1223 4521 1251 4569 ia
1262 4516 1419 4587 blasphemia
1433 4530 1435 4535 '

257 4603 332 4669 fidei,
342 4620 410 4675 qaue
419 4622 490 4657 nero
500 4606 672 4659 ecclesiastici
681 4614 706 4657 ct
716 4605 852 4676 apostolici
863 4606 989 4672 Quane
1001 4607 1086 4657 cincto
1098 4614 1147 4669 cet,
1158 4604 1204 4655 eccl
1214 4604 1254 4654 ecl
1263 4605 1290 4653 ic
1301 4607 1419 4657 mcci·

263 4687 317 4751 ies,
328 4689 372 4744 eci
379 4692 408 4741 ie
419 4705 514 4743 nonae
524 4694 587 4744 vitio
598 4694 732 4754 coniciet,
744 4690 792 4744 ico
804 4698 843 4742 cst
851 4690 995 4742 vendidieee
1006 4690 1114 4752 meeum,
1128 4704 1194 4760 quus
1204 4690 1232 4739 iu
1243 4704 1307 4755 capre
1319 4697 1366 4752 cet,
1379 4690 1421 4742 eei

261 4774 290 4823 in
298 4777 369 4840 eico,
381 4778 425 4827 cei
434 4792 521 4829 mene
531 4794 581 4830 nce
593 4786 638 4831 cst.
667 4775 744 4829 Haec
754 4792 815 4844 erqo
825 4776 937 4829 venditio
949 4772 1091 4827 huiuamodi
1101 4774 1178 4844 culpo
1189 4788 1286 4842 semper·
1296 4778 1420 4845 reparari

260 4866 352 4925 potest,
367 4877 413 4913 acc
429 4862 568 4929 elimando
585 4861 632 4913 tibi
641 4863 805 4915 interdicitur
820 4862 851 4913 dc
863 4860 1000 4912 morceis
1011 4858 1181 4913 iuiueccmedi
1186 4860 1366 4930 poenitentium
1375 4874 1418 4929 yc-

312 4960 559 5013 mammeam
1033 4970 1036 4979 ¹
1198 4958 1219 5012 0
