3650 5642
1288 613 1402 669 cxxix

244 764 316 819 beatu
332 780 407 832 sess,
425 766 449 821 si
463 781 534 821 anua
549 765 595 821 illa
607 782 698 821 uxrv.
711 782 804 837 passus
820 771 862 821 est
872 764 1006 832 Christus,
1021 784 1076 828 nan
1092 773 1178 838 potest
1192 768 1256 822 luna
1266 787 1309 823 xv.
1321 769 1348 821 id
1359 786 1402 823 aa·

244 850 336 905 cidisse
359 850 432 905 Nam
442 850 558 905 Nicasna
569 870 637 918 ιιι,
649 866 716 923 quse
725 850 823 906 Christi
834 856 951 923 tempore
960 870 1017 907 xm.
1029 858 1098 919 erat,
1111 855 1233 907 convenit
1242 855 1332 908 Martii
1338 872 1402 920 ιιι,

243 934 302 989 issia
312 953 329 990 ι.
352 936 430 991 Unde
445 936 512 991 ieris
523 936 637 991 secunda
647 953 741 1008 passm
755 938 806 991 erit
821 937 943 991 daminus
953 938 1042 993 uorat
1052 956 1118 993 ιιιι.
1139 938 1209 1006 [Non
1220 940 1349 993 minacem
1360 956 1405 1010 oy·
1429 943 1504 994 affl·

244 1022 335 1075 dorum
344 1037 532 1093 annorumque
543 1023 763 1093 perturbationem
775 1023 890 1093 comperi
901 1023 970 1093 apud
978 1023 1122 1077 Victorinus
1133 1024 1300 1094 Aquitanum.
1323 1025 1404 1079 Gaias

245 1105 307 1161 Fasti
322 1114 388 1163 sunt
404 1124 485 1179 penes
501 1107 569 1162 ΚΡ.
583 1108 752 1165 simonium
767 1124 826 1163 eum
842 1108 1016 1179 praefatione,
1034 1124 1137 1179 exque
1151 1111 1279 1165 nonnulla
1291 1111 1356 1163 citat
1365 1128 1404 1164 re·

244 1192 351 1263 teditque
366 1192 443 1249 Beda
457 1194 504 1250 lib.
517 1192 549 1247 de
560 1194 651 1265 semp.
660 1194 719 1249 Rst.
736 1209 793 1265 esp.
803 1210 874 1247 xstx.
914 1193 945 1247 iu
960 1194 1007 1247 iila
1021 1208 1085 1265 erga
1101 1195 1262 1265 praetutiana
1278 1195 1406 1249 Victorius

245 1277 284 1345 (ita
293 1278 364 1333 emm
374 1280 405 1335 iu
416 1280 596 1335 vsmsdssitua
607 1280 652 1335 ilio
665 1278 755 1333 codice
765 1278 924 1344 nominatur,
935 1284 1015 1350 atque
1026 1280 1107 1333 enam
1121 1280 1216 1346 Victor,
1227 1298 1281 1335 non
1296 1281 1405 1335 Victore·-

245 1362 329 1431 mtto
342 1380 416 1421 anna
425 1364 572 1421 dominica
579 1366 710 1437 passionis
719 1380 814 1435 egena
825 1364 935 1420 Passum
943 1374 1040 1431 mnne,
1050 1366 1150 1436 inquit,
1162 1368 1287 1419 doninus·
1296 1376 1407 1420 nostran

246 1448 320 1501 toan
332 1449 464 1503 Cbn'anm
471 1455 590 1521 pancas
607 1450 670 1503 VM
678 1466 800 1505 aauvrts
812 1454 887 1503 annis
903 1451 937 1503 ab
954 1460 1011 1504 ortu
1025 1454 1114 1504 nundi
1124 1454 1212 1505 eadent
1224 1452 1406 1505 Obrontoovuot

246 1536 361 1589 ratumne
380 1544 539 1589 nomtvowr
559 1536 601 1606 (de
620 1536 739 1602 Eusebii,
759 1536 911 1605 Hieronymi
931 1541 959 1591 et
976 1536 1097 1608 Prosperi
1117 1535 1251 1591 chronicis
1273 1537 1406 1607 loquitur).

247 1620 316 1681 Quod
325 1630 426 1689 patae·
436 1622 574 1676 imbuente
584 1638 678 1678 nutu.
691 1640 757 1675 anna
768 1640 818 1675 aon
824 1630 911 1691 potest
921 1622 1044 1675 dubitavi.
1060 1622 1189 1691 Siquidem
1200 1640 1257 1679 vm.
1265 1622 1329 1675 Kal.
1338 1624 1406 1693 Aps.

242 1708 318 1773 probra
328 1724 415 1760 nense
426 1708 489 1761 tuna
497 1724 551 1761 ιιι.
561 1724 665 1778 asspen
672 1709 857 1778 puramente,
868 1710 938 1759 daut
947 1708 980 1761 ab
990 1712 1065 1761 initio
1077 1719 1215 1762 creaturae
1226 1712 1407 1777 peartasacta

244 1800 287 1853 att,
297 1795 412 1863 caephae
423 1794 560 1847 mamre
571 1795 748 1863 adiuncts'epne
759 1793 874 1847 bisewtis
886 1794 924 1845 nd
932 1810 1053 1848 sunnon
1068 1793 1131 1847 Vnt
1143 1808 1264 1848 caxxvnr
1275 1810 1408 1858 annomnt,

245 1882 349 1945 Μ
358 1894 414 1943 ιι..
425 1895 471 1933 ιι.
483 1897 563 1944 amsa,
580 1896 606 1934 v.
612 1882 688 1948 sesv'a
701 1880 774 1933 docet
783 1896 810 1932 se
823 1880 962 1933 traditione
968 1886 1144 1948 proauum.
1178 1878 1266 1932 Princo
1276 1897 1336 1931 aero
1348 1896 1407 1946 azy·

244 1980 331 2015 maa
349 1964 393 2017 die
411 1965 526 2018 mnus
541 1973 625 2017 noster
640 1964 714 2019 lesus
726 1964 842 2017 cineta
858 1980 970 2017 caenam
986 1982 1042 2017 cusa
1059 1966 1193 2035 descipulis
1207 1968 1261 2018 saie
1273 1974 1408 2034 postquam

245 2052 280 2099 eet
289 2052 408 2120 eorporis
419 2058 444 2103 et
453 2053 588 2117 smrpoins's
598 2058 763 2104 sacramenta
769 2053 906 2121 patefecit,
919 2051 957 2103 ad
965 2058 1070 2103 mentesa
1082 2049 1184 2115 orrea,
1195 2054 1263 2103 sicat
1272 2050 1408 2119 eoonyetia

245 2146 330 2187 comta
341 2142 478 2199 tenear,
487 2152 654 2205 prayeessua,
666 2136 749 2205 ibique
761 2138 873 2189 detentae
884 2145 922 2189 est
932 2154 951 2187 a
958 2135 1066 2189 Iudaeae
1077 2137 1195 2189 comate
1206 2136 1338 2205 discipata.
1355 2135 1408 2187 De-

246 2222 325 2291 inceps
335 2237 374 2275 ιι.
380 2224 457 2289 feva'a
473 2220 645 2291 svboepaema
662 2222 693 2275 s'd
708 2230 746 2275 est
759 2238 805 2275 ιιι.
819 2220 932 2275 Kalend.
947 2221 1028 2290 Aps„
1045 2224 1182 2291 matteas
1197 2230 1235 2273 est
1250 2231 1275 2273 et
1290 2221 1407 2289 sepultae.

250 2302 331 2359 Terea
342 2306 403 2369 die,
411 2304 463 2359 doc
474 2316 513 2361 eet
522 2324 547 2362 v.
556 2305 620 2361 liat.
631 2308 707 2376 Apo„
717 2308 842 2359 dominae
853 2310 967 2359 norwit
976 2325 995 2359 a
1005 2310 1119 2360 mone.
1134 2304 1409 2360 HaotsnnsVictorius.

246 2386 292 2452 0¹3
300 2406 413 2463 pansam
428 2397 561 2447 asseverat
572 2390 705 2445 ohnstnm
715 2391 803 2447 Mardi
813 2407 901 2457 xxva,
912 2391 979 2445 feria
989 2409 1038 2456 vn,
1052 2392 1226 2446 monuisse
1242 2406 1304 2443 vero
1320 2390 1409 2445 Martii

248 2492 334 2534 utun.
371 2475 412 2529 lta
427 2476 592 2531 somnians
608 2478 685 2531 litere
699 2476 780 2531 inerit
790 2475 824 2541 0,·
842 2477 888 2547 qui
904 2475 1039 2531 character
1054 2492 1125 2531 anno
1142 2492 1218 2531 serae
1231 2476 1408 2544 Dionysianae

249 2577 330 2617 xxxxv.
341 2562 477 2632 conmit,
488 2562 563 2631 cyclo
574 2562 638 2617 salis
649 2580 692 2617 xv.
716 2562 769 2617 Sed
779 2578 840 2617 oum
852 2560 921 2615 dicat
931 2563 1022 2617 lanam
1033 2563 1123 2616 Mardi
1133 2580 1210 2626 xxv,
1227 2578 1280 2631 quo
1292 2560 1334 2613 die
1345 2576 1408 2631 epu·

248 2644 296 2701 lam
306 2645 431 2717 pasebaie
442 2648 595 2712 celebravit,
611 2647 693 2703 inisse
709 2648 801 2703 lanam
812 2666 879 2713 xta,
895 2646 947 2701 heo
963 2648 1069 2703 nonnisi
1084 2648 1158 2717 cyclo
1168 2646 1283 2701 Nicaeno
1295 2645 1409 2700 emunda

249 2733 517 2799 coronaretur„
534 2733 557 2787 si
574 2732 702 2787 decimant
719 2738 839 2803 quartam
856 2733 999 2804 appellavit
1014 2732 1142 2787 decimam
1153 2733 1280 2803 quintm
1315 2731 1410 2802 cyclus

250 2834 299 2871 xm.
311 2818 438 2889 competit
447 2834 517 2873 anno
526 2817 688 2888 Dionysiana
698 2836 771 2873 ιιιι.
790 2817 876 2882 Quare
887 2818 916 2871 in
926 2834 997 2873 anuo
1008 2818 1075 2887 cycli
1084 2818 1184 2871 lunaris
1195 2834 1256 2872 cum
1266 2816 1410 2888 Epiphania

252 2918 277 2955 ac
287 2903 417 2959 mbas
426 2903 573 2969 annuat,
590 2904 618 2959 in
636 2904 715 2957 solari
726 2904 799 2973 oycla
812 2920 872 2959 cnm
883 2902 956 2957 Beda
966 2920 998 2957 se
1007 2903 1123 2973 reliquis.
1146 2902 1176 2957 ln
1186 2904 1311 2975 expansis
1320 2903 1412 2957 Fasto-

250 3004 300 3043 ιιι
316 2990 394 3043 annis
410 2988 601 3059 perturbatiora
617 2990 706 3043 amnis
722 2995 791 3043 suut
826 2988 882 3043 lliia
899 2989 1054 3043 crucifixum
1070 3004 1128 3042 esse
1145 2988 1280 3043 dominum
1295 2989 1331 3042 ait
1342 3005 1410 3043 coss.

251 3072 345 3131 daabaa
359 3074 490 3139 Geminis,
506 3074 603 3145 quibus
620 3081 802 3129 successerunt
817 3073 911 3128 Rufius
926 3080 954 3127 at
969 3074 1118 3137 Rubellius,
1133 3090 1203 3127 auno
1220 3080 1280 3144 past
1294 3075 1409 3128 naniam

251 3176 341 3226 maa,
358 3176 411 3230 qua
426 3174 496 3215 auno
513 3158 611 3230 pascha
627 3160 718 3215 incidit
732 3178 774 3217 ιιι.
785 3160 823 3215 Id.
834 3160 896 3230 Apr.
912 3160 975 3213 luna
986 3176 1030 3213 ιι.
1064 3157 1123 3221 Qua
1138 3159 1238 3212 renone
1255 3161 1343 3228 cyclus
1361 3160 1410 3213 etit

251 3242 320 3299 lunae
329 3264 364 3309 r.,
379 3244 418 3299 lta
433 3244 532 3299 damin.
549 3244 582 3310 ῦς
600 3262 667 3316 quae
683 3243 773 3299 eadem
788 3252 816 3299 et
831 3261 901 3299 anno
912 3261 1004 3299 xxxxv.
1016 3242 1178 3312 Dionysiana
1195 3245 1323 3314 congrua
1357 3243 1409 3299 eea
1441 3252 1445 3262 ’

250 3331 310 3397 aydi
317 3329 565 3385 decemnovennalis
576 3330 728 3385 taediosum
739 3330 888 3401 depravatio
903 3328 964 3398 est]

311 3416 368 3471 iam
380 3414 451 3486 quod
463 3416 496 3471 ad
504 3414 592 3471 Baiae
603 3416 690 3469 locum
702 3421 815 3487 spectet,
827 3416 854 3469 in
867 3431 919 3485 quo
931 3414 1021 3468 scribit
1032 3430 1101 3469 anno
1110 3413 1271 3484 Dionysiana
1280 3429 1353 3469 nect.
1365 3414 1410 3469 ad·
1435 3438 1458 3479 p.
1467 3430 1511 3469 ιιι.

252 3508 361 3557 natatm
372 3501 456 3555 inisse
468 3518 567 3557 anuum
579 3518 595 3555 a
605 3502 727 3573 passione
738 3501 838 3555 domini
847 3516 991 3564 ncnxvnr„
1001 3498 1143 3553 indictione
1152 3518 1219 3565 ιιι,
1229 3500 1258 3554 in
1265 3500 1411 3555 Annalibus

251 3584 408 3643 librariorum
420 3586 497 3657 eulpa
505 3602 578 3643 naor.
588 3604 636 3658 pro
645 3602 729 3645 neon.
740 3586 875 3657 irrepsisse
886 3585 1011 3649 eredbun
1023 3584 1313 3655 qnodmaxirnemiros.
1341 3585 1411 3641 Nam

253 3686 326 3729 acam
335 3689 407 3727 anua
416 3690 470 3727 noa
479 3690 533 3729 ιιι.
544 3672 664 3737 indictio,
676 3672 722 3727 sed
734 3690 777 3727 xv.
791 3671 928 3743 competit,
939 3686 1007 3740 qaae
1016 3671 1049 3725 ab
1057 3670 1227 3727 antecedente
1235 3671 1308 3743 Sept.
1316 3673 1411 3743 caepit.

253 3754 316 3811 Unde
326 3758 411 3813 multa
424 3762 465 3811 est
473 3758 641 3812 verisimilius
653 3758 767 3813 semlant
778 3758 865 3821 illum,
884 3772 937 3827 qua
951 3756 980 3810 in
995 3757 1077 3811 cereis
1087 3757 1140 3811 ists
1149 3758 1272 3827 legerant
1281 3756 1411 3824 mamni,

251 3838 324 3897 tuisse
340 3861 405 3899 xxv.
421 3842 573 3897 Decembris
589 3844 652 3897 anni
668 3842 823 3912 Dionysiani
838 3857 915 3907 acc,
932 3857 950 3895 s
966 3858 1017 3912 qua
1035 3842 1077 3897 die
1088 3841 1185 3897 Christi
1201 3843 1264 3897 enni
1280 3842 1412 3898 numerati

252 3929 377 3995 quondam
388 3928 515 3983 wiebaut
539 3927 592 3983 eea
602 3926 652 3981 hoc
664 3932 740 3998 pacta
753 3944 821 3983 anno
832 3927 965 3997 passionis
975 3927 1009 3981 ab
1020 3927 1190 3983 mandente
1201 3928 1295 3993 natali,
1310 3927 1361 3983 boe
1371 3933 1412 3981 est

252 4013 325 4069 tribus
336 4014 393 4069 iere
404 4018 466 4069 ante
477 4013 546 4067 Dent
557 4013 645 4084 ipsum
656 4013 786 4083 passionis
797 4013 947 4079 mensibus,
962 4011 1102 4067 inchoandi
1116 4018 1185 4067 sunt
1216 4012 1284 4068 Nam
1296 4015 1319 4066 si
1330 4032 1345 4068 e
1356 4027 1411 4067 aaa

253 4097 371 4154 absolutis
389 4099 499 4169 triginta
513 4104 566 4153 tres
584 4098 681 4152 subdas
696 4097 820 4163 deducas,
836 4098 975 4151 restabunt
985 4112 1096 4150 aoxnvn
1107 4097 1230 4154 absoluti.
1264 4098 1327 4153 Idea
1338 4113 1411 4153 acar.

253 4182 327 4239 biam
339 4190 381 4241 est
391 4200 520 4239 nunaunt.
532 4184 639 4255 perinde
650 4184 747 4249 iniens,
765 4184 811 4253 qai
826 4199 843 4235 e
859 4184 942 4237 natali
957 4182 1189 4252 septingentesimo
1200 4182 1360 4253 Dionysiana
1372 4182 1412 4234 in·

254 4266 304 4322 dict
315 4288 370 4325 ιιι.
381 4270 481 4340 incipit.
504 4268 619 4333 Quodsi
633 4270 691 4341 ipso
706 4269 769 4323 emti
783 4284 856 4323 acor.
869 4268 952 4323 natali
962 4266 1052 4331 iniret,
1069 4274 1140 4323 esset
1154 4286 1209 4323 non
1224 4286 1278 4323 xiv.
1294 4266 1414 4331 indictio,

253 4354 292 4407 ted
302 4374 344 4411 xv.
378 4356 418 4411 Aa
434 4354 492 4409 fieri
506 4354 611 4425 quidem
628 4358 760 4425 potestat
775 4352 894 4409 Romana
911 4352 1021 4407 sociata
1036 4354 1198 4424 temporibus
1215 4355 1267 4407 iltis
1279 4350 1412 4407 Christum

254 4441 339 4493 nans
350 4456 420 4495 anno
432 4458 527 4499 ιιιιιι.
540 4454 649 4510 mum
660 4455 719 4493 essa
730 4439 867 4493 censuerit.
884 4440 925 4493 lte
935 4454 1049 4507 musque
1060 4439 1308 4508 septingentesimus
1318 4437 1414 4491 exiens

255 4522 342 4579 incida
352 4526 380 4579 in
392 4540 491 4581 mansu
498 4525 630 4597 passionis
638 4540 783 4590 nonxvnuy
793 4525 817 4579 ei
828 4524 951 4579 nimirum
960 4540 1055 4578 ιιιιιι.
1066 4523 1166 4593 primus
1176 4522 1308 4593 passionis
1316 4520 1416 4577 habea·-

254 4614 297 4675 tar,
307 4609 377 4682 qnod
388 4610 500 4667 iactasse
510 4611 598 4665 verius
609 4616 657 4667 est.
681 4608 838 4679 Quanquam
849 4608 880 4663 de
893 4609 938 4663 illo
949 4606 1037 4661 Bedae
1047 4608 1107 4663 loca
1118 4607 1288 4677 cagimndum
1299 4609 1415 4679 amplius<

254 4702 296 4751 eet.
313 4695 389 4761 Quod
399 4697 470 4753 enim
481 4696 568 4767 ipsam
579 4696 689 4751 anatali
699 4711 797 4751 mum
808 4693 939 4765 auspicari
946 4694 1080 4759 volumus,
1091 4693 1119 4748 id
1131 4692 1213 4763 quod,
1224 4693 1277 4747 uisi
1286 4693 1413 4753 mendosa

256 4782 415 4847 substant,
430 4782 605 4837 necessatium
616 4782 726 4847 videtur,
741 4796 802 4835 cum
812 4780 975 4849 Dionysiana
985 4777 1087 4850 speclea
1099 4779 1187 4835 minus
1204 4778 1328 4849 quadrat,
1345 4794 1412 4849 quae

257 4867 370 4919 emisio
381 4882 472 4921 meuse
483 4866 548 4921 inire
560 4872 738 4923 consueverat.
755 4866 835 4937 Atqui
843 4880 917 4921 acor.
929 4880 1014 4919 mnus
1025 4866 1054 4920 in
1064 4865 1147 4920 nataii
1156 4863 1326 4921 indictionem
1334 4864 1417 4919 babet

301 4970 365 5021 carp.
372 4970 544 5013 sturmini
1196 4966 1210 5017 l
