3650 5642
410 608 553 668 sccoxnll

412 779 508 836 Osonlo
540 780 708 834 abstinebant
737 779 828 834 fideles
852 786 968 850 tempure
1018 779 1091 835 Pauli
1111 782 1346 851 hliddelbnrgeneis
1363 782 1452 835 dietum
1466 799 1561 834 memo

442 866 604 935 jejuniorum
908 863 967 920 ait.
1053 868 1134 919 rabile
1512 867 1563 919 199.
1617 897 1618 910 o

413 949 482 1002 ‘lieet
502 949 633 1020 quomodo
646 950 715 1021 apud
728 951 843 1004 Graecos
860 967 968 1021 usurpe-
1018 951 1092 1004 Pauli
1110 953 1345 1021 lliddelbnrgensle
1363 953 1487 1005 somnium
1507 953 1566 1016 llll.

446 1043 489 1088 tur
913 1037 969 1090 109.
1018 1035 1091 1090 Pauli
1104 1037 1338 1108 bilddelbnrgensis
1357 1039 1482 1090 somnium
1496 1037 1566 1089 telel-

413 1121 505 1174 0sssni
522 1127 610 1174 utrum
620 1121 968 1191 tnedntiidemquilleeeni
1053 1123 1114 1174 lltnr
1516 1121 1568 1174 ll'l.
1618 1184 1619 1190 ἵ

450 1206 482 1258 97
502 1206 569 1259 unde
586 1206 648 1259 dicti
660 1223 694 1260 ex
712 1207 833 1278 opinione
845 1207 972 1278 Scaligeri
1023 1205 1109 1258 llddne
1121 1209 1182 1260 item
1195 1215 1220 1260 et
1232 1205 1318 1277 βρέαες
1330 1223 1398 1278 quae
1410 1207 1525 1261 dieantur
1535 1224 1565 1259 ex
1618 1201 1619 1270 l

844 1292 886 1346 97.
898 1291 970 1347 oea.
1055 1291 1158 1344 Polluce
1514 1292 1568 1344 995.

412 1375 505 1430 Oratio
528 1377 596 1430 dicta
620 1391 654 1429 ex
678 1375 732 1428 out
761 1393 824 1430 roee
857 1377 971 1430 laetitiae
1022 1377 1152 1446 Peregrini
1161 1393 1230 1430 more
1238 1393 1366 1447 quosuno
1375 1379 1509 1446 contigerit
1520 1373 1571 1429 lll.

911 1461 970 1516 339.
1023 1462 1187 1515 Perlodorunr
1220 1464 1277 1516 libri
1305 1463 1380 1515 multi
1403 1462 1451 1515 hoc
1470 1463 1571 1516 nomine

1055 1547 1196 1618 apocryphi
1533 1547 1571 1598 59.

675 1622 708 1683 P.
1020 1631 1111 1688 Petrus
1129 1649 1180 1686 uon
1200 1634 1298 1702 primus
1316 1633 1570 1694 voeatnsallhrieto,

413 1718 522 1772 Panselii
545 1735 616 1772 error
642 1718 710 1789 apud
733 1718 921 1772 Tertullianum
943 1720 970 1772 ln
1055 1721 1174 1788 quamuis
1184 1719 1283 1788 primus
1300 1719 1380 1771 luerit
1397 1719 1523 1788 dignitate
1534 1718 1573 1769 91.

388 1819 392 1826 ·
445 1803 604 1858 Parasceues
621 1804 832 1874 interpretaione
910 1802 970 1858 358.
1020 1803 1157 1859 Pharisaei
1185 1804 1314 1873 quomodo
1336 1805 1419 1856 latum
1442 1811 1467 1856 et
1484 1805 1572 1855 librum

414 1889 574 1960 Paphnutios
591 1891 679 1960 plnres
696 1889 752 1959 ejus
764 1889 846 1942 fuine
857 1889 972 1942 nominis
1057 1891 1190 1942 arbitrium
1210 1889 1381 1941 admittebant
1534 1887 1571 1939 tl.

913 1975 972 2030 tlt.
1023 1973 1155 2028 Pharisaei
1173 1989 1189 2026 a
1207 1989 1269 2026 voce
1281 1973 1376 2026 Pharas
1396 1974 1465 2043 qnod
1482 1981 1524 2026 eet
1540 1989 1575 2022 se

414 2060 554 2114 Paradisue
573 2060 701 2114 terrestris
718 2059 764 2113 ubi
780 2060 861 2114 fuerit
877 2061 972 2114 consti·
1058 2067 1164 2130 paratns
1537 2057 1573 2109 94.

448 2151 519 2198 tutus
912 2145 971 2200 all.
1024 2143 1221 2198 Pharisaeorum
1234 2143 1386 2197 traditiones
1400 2153 1492 2198 contra
1509 2159 1576 2214 prae

414 2229 513 2284 Pascha
530 2237 607 2282 retus
628 2231 679 2284 luit
699 2236 778 2301 typus
793 2231 911 2301 perpetui
929 2247 969 2284 sa·
1055 2239 1159 2301 ceptum
1178 2231 1276 2283 domini
1539 2228 1575 2279 ln.

447 2316 574 2368 crementi
927 2316 969 2371 80.
1022 2315 1133 2386 Philippi
1150 2314 1294 2368 tetrarchae
1312 2316 1400 2367 obitus
1523 2313 1573 2365 itt.

415 2401 515 2455 Pascha
531 2403 561 2455 lt
572 2402 671 2455 mensis
683 2401 800 2459 Martiia
817 2402 913 2471 qulbus
930 2417 970 2456 oe·
1022 2399 1186 2470 Phosphorus
1205 2399 1290 2454 rhetor
1303 2399 1400 2454 latinns
1419 2407 1446 2454 et
1463 2401 1520 2470 ejus
1538 2415 1575 2450 ra·
1621 2406 1622 2484 p

447 2487 543 2541 lebrari
564 2488 683 2549 solitum,
713 2493 740 2539 et
766 2488 874 2540 omnino
901 2489 971 2540 circa
1056 2487 1125 2539 nitas
1143 2501 1174 2538 ex
1194 2485 1344 2538 Pertuliano
1541 2483 1577 2536 69.
1621 2485 1622 2508 l

448 2573 583 2625 Paschatis
600 2573 800 2626 celebrationem
825 2574 908 2626 multa
927 2591 973 2626 nc·
1025 2570 1141 2640 Phryges
1159 2569 1331 2624 a'ihracibne
1349 2569 1453 2624 oriundi
1545 2568 1576 2618 lll.

449 2664 505 2711 tato
515 2657 670 2726 dignissima
775 2657 820 2711 85.
839 2657 880 2711 86.
893 2665 919 2712 et
932 2659 974 2714 87.
1026 2655 1268 2726 Phylacteriaquae
1279 2655 1378 2709 luerint
1388 2671 1422 2708 ex
1438 2655 1577 2709 doctiorum

413 2742 577 2796 inPascbate
588 2743 741 2796 celebrando
753 2743 802 2796 tria
813 2750 877 2796 sunt
887 2745 975 2798 obser·
1060 2759 1138 2794 sensu
1542 2739 1576 2789 39.

447 2827 533 2880 uanda
912 2829 973 2883 999.
1025 2826 1189 2880 Paenitentia
1215 2825 1245 2878 fit
1272 2833 1318 2878 ant
1344 2833 1449 2896 propter
1477 2831 1578 2896 peecata
1622 2814 1623 2866 i

414 2912 546 2965 Paschalis
568 2911 619 2964 diei
641 2912 753 2964 varietas
775 2927 822 2982 per
838 2915 974 2966 cctaeteri·
1059 2913 1192 2981 capitalis,
1210 2921 1255 2963 ant
1269 2911 1499 2981 propterrsnalia‚
1517 2923 1578 2978 quae

448 2997 494 3049 des
512 3003 539 3049 et
555 2997 677 3065 syzygias
695 2999 835 3067 exponitur
860 2997 912 3050 997
923 2997 974 3052 998
1058 2999 1111 3048 sint
1128 3004 1237 3066 utraque
1525 2991 1578 3046 238.

415 3081 554 3135 Paschatis
580 3082 712 3135 contentio
739 3083 808 3153 apnd
831 3084 926 3136 Scotoa
948 3089 973 3136 et
1026 3081 1188 3134 l'oenitentia
1223 3082 1308 3150 qualis
1335 3081 1413 3133 luerit
1441 3081 1579 3134 constituta

450 3167 548 3237 anglos
566 3169 722 3237 gravissima
918 3169 973 3222 194.
1018 3153 1024 3175 ¹
1061 3167 1170 3218 concilio
1190 3167 1333 3218 Arelatensi
1357 3183 1378 3217 c.
1393 3165 1427 3218 98
1445 3169 1578 3234 Ancyraoo

415 3253 549 3307 Paschatis
562 3253 713 3324 depravatio
726 3255 794 3325 apud
812 3252 973 3308 Christianos
1059 3267 1081 3305 c.
1094 3251 1144 3303 939
1525 3245 1578 3301 939.

450 3339 547 3410 duplex
912 3339 972 3393 303.
1025 3337 1188 3390 Poeniteutla
1214 3336 1318 3406 publica
1345 3343 1450 3406 propter
1480 3334 1578 3390 occulte

417 3423 518 3478 Pascha
528 3424 584 3477 dies
602 3439 700 3494 magna
712 3424 768 3477 dies
780 3424 849 3477 dicta
865 3431 892 3477 et
907 3433 973 3478 tem·
1059 3431 1163 3492 peccata
1182 3421 1337 3491 quibusdam
1356 3422 1479 3490 imposita
1524 3417 1577 3472 948.

450 3525 512 3579 pore
534 3507 651 3580 paschali
673 3509 753 3562 vincli
770 3525 872 3562 carcere
889 3511 973 3562 solve·
1024 3507 1188 3560 Poenltentla
1203 3507 1331 3576 luitapnd
1348 3509 1468 3576 annqnos
1489 3505 1578 3574 triplex

451 3595 545 3647 bantur
911 3595 970 3648 365.
1525 3585 1578 3640 tal.

416 3677 543 3732 Paschata
557 3679 607 3730 tria
620 3678 698 3748 juxta
709 3680 884 3732 narrationem
895 3695 974 3733 eran·
1025 3677 1297 3748 Poenitentlapublioe
1306 3675 1483 3746 aqnibnadarn
1495 3687 1579 3745 pecat-

450 3764 604 3832 gelistsrsm
635 3763 667 3814 ad
690 3762 827 3832 Epiphanii
860 3769 975 3819 mentem
1060 3765 1160 3816 toribus
1184 3781 1235 3816 non
1260 3770 1353 3832 sponte
1376 3773 1511 3832 suscepta,
1536 3753 1578 3810 sed

452 3847 648 3901 accommodata
666 3847 733 3911 2072,
751 3848 863 3917 primum
876 3849 976 3903 Pascha
1060 3849 1206 3902 necessario
1218 3855 1322 3917 peracta
1524 3839 1577 3896 938-

450 3933 512 3987 ibid
521 3933 662 3986 secundum
670 3932 737 3996 909,
749 3933 855 3988 tertium
864 3941 891 3987 et
902 3951 976 3987 eruu-
1026 3933 1188 3987 Poenitentia
1201 3935 1305 4004 publica
1316 3949 1368 3986 non
1382 3932 1510 3984 conleeelo
1522 3927 1576 3980 snb·

452 4018 561 4087 ρώσιμον
571 4018 633 4071 ibid.
651 4019 729 4071 trium
741 4017 897 4072 Paschatnnu
915 4019 974 4072 cha·
1062 4021 1115 4072 lata
1133 4019 1358 4088 Constantinopoli
1522 4009 1576 4066 ⁶24³.

451 4111 536 4158 raoter
911 4105 973 4158 ibid.
1026 4103 1203 4158 Poeniteotiae
1227 4120 1279 4173 qno
1302 4105 1328 4156 in
1351 4103 1433 4172 gradu
1451 4096 1576 4154 abeolnn'o

418 4191 569 4244 Paetinaeae
586 4205 715 4242 venenum
727 4188 819 4242 dicitnr
831 4205 889 4242 esse
900 4205 974 4258 prae·
1059 4190 1256 4242 sacramentalis
1273 4189 1352 4241 luerit
1368 4203 1493 4241 concessa
1515 4183 1575 4242 til„

451 4275 628 4328 sontissimnm
932 4273 974 4328 bh.
1060 4275 1173 4327 intertic
1186 4273 1576 4343 gradnprobatnribi.,cootra

419 4361 522 4425 Patres,
549 4357 619 4430 apud
648 4359 747 4412 intem
770 4359 888 4413 detentos
912 4365 939 4412 et
961 4373 977 4411 a
1060 4377 1112 4412 non
1131 4359 1210 4412 rideri
1523 4347 1573 4406 25³.

452 4445 553 4498 Christo
571 4445 694 4497 liberatos
935 4444 977 4498 84.
1027 4444 1203 4497 Paenitentiae
1221 4443 1397 4512 capessendae
1415 4441 1481 4496 ritus
1498 4435 1573 4510 qualit

419 4529 626 4584 Patriarcharnm
642 4535 669 4580 et
681 4529 867 4597 Apostolorum
881 4545 976 4583 nornen
1061 4529 1138 4582 inerit
1155 4530 1181 4582 in
1200 4529 1278 4580 veteri
1297 4529 1407 4580 ecclesia
1522 4517 1570 4576 999·

453 4625 477 4666 et
500 4615 615 4684 dignitas
643 4613 746 4683 quando
768 4615 881 4684 primurn
903 4631 977 4668 nant·
1029 4613 1204 4667 poenitentiae
1231 4621 1305 4666 retus
1332 4614 1357 4665 in
1385 4614 1497 4666 ecclesia
1516 4605 1571 4661 ratio

452 4700 508 4768 peri
518 4701 631 4768 coeperit
933 4698 975 4755 55.
1061 4713 1128 4769 quae
1145 4697 1223 4752 inerit
1452 4697 1509 4750 995.
1520 4687 1568 4744 em,

420 4783 493 4837 Pauli
512 4782 749 4852 ldiddelbnrgeusis
772 4785 883 4856 insignis
901 4787 974 4839 locus
1025 4783 1219 4838 Poecilentiarii
1257 4781 1400 4836 sacerdotis
1431 4771 1568 4836 insumendi

917 4870 973 4924 145.
1058 4884 1126 4938 quae
1144 4867 1226 4938 prims
1243 4867 1322 4921 inerit
1338 4881 1418 4920 cauea
1521 4857 1569 4914 ill·
