3650 5642
1347 603 1371 663 V

286 768 312 822 in
326 767 464 839 posteriori
478 769 546 822 serie
565 767 648 822 Stoici
664 772 724 820 aute
740 770 857 820 caeteras
872 763 1086 836 pbilosophorum
1103 767 1189 818 resim
1205 763 1372 825 collocantur,

237 855 293 906 aliter
302 861 379 925 etque
388 856 417 908 in
426 855 507 926 priori
517 855 627 918 iecerat,
643 869 709 923 quae
725 853 804 922 longe
818 851 867 904 hac
884 852 912 904 in
923 856 996 922 parts
1007 849 1165 904 tolerabilior
1176 855 1223 903 est
1249 849 1314 902 Hinc
1325 853 1372 912 est,

237 939 290 1008 qood
298 939 443 993 Stoicorum
454 945 527 993 aecta
538 940 605 1009 τρίτη
618 935 666 989 iub
678 937 844 1008 Ἑλληνισμοῦ
856 937 891 989 sit
901 937 1033 1007 inscripta.
1051 935 1118 988 llam
1128 935 1234 988 tertium
1245 935 1277 987 ab
1288 934 1372 987 Helle·

235 1027 397 1078 rimolocum
408 1025 489 1079 babet
504 1026 532 1078 in
549 1025 627 1088 sarie,
643 1030 674 1076 ut
684 1022 810 1078 Platonici
827 1027 962 1092 quartum,
980 1027 1057 1090 atque
1074 1022 1112 1074 ita
1129 1021 1263 1092 deinoeps;
1279 1035 1332 1072 non
1345 1021 1374 1070 ut

236 1111 419 1182 inhscriptione
429 1111 524 1164 Latina
534 1115 586 1163 est:
598 1114 675 1162 artic
686 1109 837 1161 Hcttsoiemi
846 1117 932 1172 recto5
942 1123 990 1178 pro
1002 1123 1053 1177 quo
1066 1105 1161 1161 scribe:
1180 1111 1256 1160 terto
1268 1106 1300 1158 ab
1312 1103 1374 1158 Hel·

235 1197 318 1249 tesino
326 1205 405 1252 serto.

516 1349 562 1404 ΔΙ)
574 1347 695 1404 tomus
711 1347 829 1403 OPERIS
845 1345 1072 1404 anemurium

286 1467 353 1524 rin
370 1465 454 1538 ἄρατο
465 1465 513 1540 γάρ
531 1465 581 1520 ἔστι
598 1469 638 1520 καί
654 1465 738 1538 pert]
763 1469 895 1540 Expungo
910 1469 1065 1539 posteriores
1081 1466 1161 1520 hasce
1172 1465 1289 1531 rosulas,
1306 1479 1372 1536 quae
1397 1477 1450 1530 aa

235 1557 370 1611 arontam
381 1555 526 1619 iniustam,
538 1555 579 1606 ael
591 1551 663 1625 ρατίι.
681 1555 755 1608 Dixit
766 1555 871 1626 quidem
881 1554 1008 1608 Hesiodus
1020 1554 1094 1607 initio
1103 1549 1212 1623 Ἔργων,

415 1637 466 1694 'ov
478 1657 503 1692 τε
515 1639 555 1692 διὰ
567 1639 650 1710 βροτοί
663 1636 745 1711 ἄνδρες
758 1637 840 1711 ὁμῶς,
853 1636 942 1710 ἄφατοί
953 1657 978 1692 τε
991 1639 1063 1709 φατοί
1075 1655 1112 1708 rr,

416 1723 500 1792 ‘quoi
510 1724 534 1777 r'
546 1723 647 1796 ἆῤῥητοί
658 1743 696 1794 τε,
712 1722 715 1727 ’

234 1810 324 1864 ιιιίιίίο
335 1827 430 1876 sensu,
446 1827 526 1880 quam
540 1817 571 1864 ut
585 1808 646 1864 huic
658 1812 715 1865 loco
727 1816 862 1881 congruat
890 1810 959 1864 Nam
970 1809 1019 1864 hoc
1030 1825 1113 1863 unum
1124 1807 1283 1880 Epiphanius
1295 1807 1375 1878 signi-
1418 1823 1427 1832 ·

234 1894 292 1961 icat,
306 1913 333 1950 se
349 1914 404 1951 non
421 1897 510 1949 omnia
521 1897 658 1967 complecti
667 1895 717 1952 hoo
728 1897 757 1950 in
768 1913 845 1968 opere
857 1912 963 1967 cupere,
978 1911 1039 1950 oum
1054 1895 1254 1949 innumerabilia
1265 1895 1317 1947 sint
1328 1908 1377 1946 uec

233 1983 330 2035 oratione
342 1980 526 2053 comprehendi
535 1982 645 2053 possint

286 2065 400 2118 Τοιντίστι
410 2065 531 2136 βασιλείας
539 2066 759 2136 Οίαλτντινιανοῦ]
776 2067 873 2123 Esthio
883 2083 967 2121 annus
978 2065 1073 2122 Christi
1082 2081 1223 2130 cocurxrv,
1236 2082 1287 2136 quo
1299 2081 1376 2118 suum

233 2167 285 2218 opus
294 2167 435 2223 aggressm
447 2158 488 2205 est
498 2151 666 2224 Epiphanius,
680 2153 804 2208 Gratiano
815 2171 856 2218 ιιι,
867 2159 894 2206 et
903 2153 1007 2224 Equitio
1020 2152 1294 2208 Coss.Valeutiuianus
1307 2151 1377 2204 euim

233 2235 347 2290 etlialens
362 2238 503 2307 imparium
518 2239 644 2308 auspicati
655 2244 717 2292 sunt
728 2255 796 2292 anno
809 2254 925 2294 cocum
937 2239 1063 2304 bisextili,
1082 2237 1127 2309 qni
1137 2237 1236 2292 Ioviani
1248 2243 1273 2290 et
1283 2236 1376 2290 Varro·

233 2321 290 2374 niani
300 2322 444 2376 Consulatu
454 2328 559 2378 notatur
569 2324 598 2377 in
608 2323 701 2377 Fastis.
719 2323 779 2378 ideo
792 2341 876 2378 annus
889 2325 1024 2394 utriusque
1036 2342 1065 2378 rr
1076 2323 1172 2378 Christi
1183 2328 1223 2376 est
1235 2337 1377 2376 coenum.

234 2403 334 2460 Gratiani
342 2423 426 2461 annos
434 2409 615 2479 praetermisit,
624 2415 654 2463 nt
662 2410 760 2481 opinor,
768 2409 897 2465 librarius.
908 2409 993 2474 Quare
1002 2409 1211 2463 substituendum
1220 2413 1259 2462 est
1269 2405 1377 2476 aoll'po-

234 2495 300 2543 root
311 2488 412 2562 ὀγδόου.
439 2493 578 2548 Gratiarum
589 2495 715 2566 Lupicino
727 2502 754 2549 et
763 2496 853 2549 Iovino
866 2494 951 2560 Coss,
969 2501 999 2549 nt
1014 2501 1089 2550 autor
1105 2501 1146 2549 est
1157 2493 1276 2549 Socrates
1287 2493 1332 2546 lib.
1341 2509 1377 2557 rr,

234 2590 308 2645 rapx,
318 2577 464 2649 Imperator
471 2586 498 2632 et
506 2580 638 2650 Augustus
650 2597 666 2633 a
676 2586 750 2652 patre
760 2581 925 2634 renunciatus
936 2585 983 2647 est,
994 2597 1063 2635 auno
1074 2579 1168 2636 Christi
1178 2593 1310 2635 ccooxrrr.
1327 2577 1377 2631 Ita-

235 2677 273 2728 que
279 2663 605 2720 undecimusVaientiniani
613 2665 759 2720 etValeutis
769 2672 809 2719 est
816 2665 934 2720 Gratiani
940 2672 1053 2721 comune.
1066 2667 1096 2720 Iu
1102 2665 1311 2722 Manichaeorum
1317 2663 1378 2717 hae-

232 2749 346 2814 recum,
358 2766 435 2815 mxx,
443 2765 527 2804 annos
537 2750 656 2805 Gratiani
663 2758 857 2806 commemorat
874 2751 957 2816 Quem
966 2753 994 2805 in
1002 2753 1089 2806 locum
1099 2757 1200 2806 caetera
1207 2767 1378 2806 reservamus.

286 2830 336 2885 062
348 2831 411 2886 saei
422 2835 662 2905 brancor-icastris}
688 2837 736 2891 Hic
747 2837 909 2892 coniecturae
921 2839 994 2893 locus
1006 2843 1058 2904 est,
1075 2853 1136 2892 nam
1148 2837 1180 2891 de
1191 2837 1254 2892 vitio
1266 2841 1376 2891 constat.

232 2915 308 2971 Scribe
320 2919 488 2986 διασιωπήσας
499 2921 542 2983 τὰς
554 2921 661 2992 ψήφους,
684 2927 711 2976 et
727 2921 783 2975 εἵσω
801 2922 937 2994 παρελθεῖν.
966 2923 1030 2982 Veh
1051 2924 1201 2990 διεσκόπησα
1216 2919 1258 2986 τίς
1275 2921 1377 2994 ψήφους,

233 3010 253 3051 ct
266 3005 425 3058 retinendum
440 3003 473 3066 είς
484 3004 507 3060 b.
533 3005 599 3061 Cum
614 3007 647 3060 ad
663 3014 812 3080 susceptum
829 3026 894 3080 opus
912 3009 1118 3080 aggrediendum
1133 3009 1320 3064 consentientia
1334 3025 1377 3062 ve·

233 3091 700 3162 tirumomniumsuffragiaridarem.
913 3083 917 3093 ⁴

286 3174 318 3229 N.
329 3194 370 3230 ιιι.
387 3175 516 3246 Πάμφιλός
528 3178 572 3248 τι]
597 3178 646 3232 Rei
656 3177 791 3234 herbariae
802 3181 939 3252 scriptores
951 3181 1050 3252 aliquot
1060 3185 1190 3246 recenset,
1202 3197 1313 3252 qnorum
1324 3179 1378 3250 ple·

233 3271 314 3328 rosque
324 3259 489 3314 Dioscorides
500 3263 529 3316 in
539 3263 699 3318 Praefatioue
711 3271 909 3331 commemorat,
921 3273 947 3320 et
957 3267 1023 3322 Plin.
1034 3267 1078 3320 lib.
1087 3286 1108 3322 1.
1133 3267 1164 3320 ln
1174 3265 1216 3319 his
1228 3264 1378 3336 Pamphilus

233 3343 267 3394 ills
276 3345 330 3414 ipse
340 3345 443 3400 ridetur
453 3363 523 3413 asse,
540 3347 571 3402 de
588 3366 639 3420 quo
657 3349 764 3416 Suidas3
781 3352 827 3422 qui
842 3352 909 3404 inter
922 3357 1023 3404 caetera
1035 3351 1222 3422 Georgicorum
1233 3355 1285 3406 tres
1296 3351 1378 3405 libros

234 3427 308 3494 edidit,
318 3433 403 3502 patria
411 3431 594 3504 Amphipolim,
603 3437 644 3488 rel
653 3435 798 3506 Sicyonius,
808 3437 851 3490 rel
859 3435 1013 3507 Nicopolita
1030 3437 1131 3508 Exque
1142 3437 1379 3510 nonnullapassim

234 3523 344 3586 excerpta
353 3519 477 3588 leguntur
487 3519 515 3572 in
527 3518 689 3575 Constantini
701 3521 864 3592 Geoponicis.
887 3523 1009 3576 Meminit
1020 3529 1047 3576 et
1057 3523 1152 3576 alicubi
1161 3523 1276 3578 Photius.

289 3601 499 3673 ΚαίἮραιιλείδης
509 3599 693 3675 diapasmate]
712 3606 811 3661 Citatur
820 3623 837 3660 a
846 3607 945 3661 Galerio
957 3608 1066 3662 inlibris
1075 3607 1106 3662 de
1116 3607 1378 3680 Composhiediosm.

234 3684 285 3735 ιττί
299 3688 391 3748 τόπους
409 3687 451 3739 καί
467 3686 537 3757 γίνηε
557 3707 605 3744 nec
622 3709 675 3745 uon
693 3697 718 3746 et
735 3694 768 3747 ab
785 3691 918 3747 Athenaeo
935 3693 980 3747 lib.
991 3713 1031 3748 nr.
1047 3693 1195 3748 Heraclides
1212 3693 1377 3750 Tarentinus.

234 3769 293 3823 idem
303 3777 331 3825 et
340 3773 458 3826 Andreae
468 3773 562 3829 medici
572 3777 697 3832 meminit.

290 3857 384 3919 Βὶαοος
396 3856 410 3909 ὁ
422 3857 531 3926 Torta]
548 3861 629 3930 'l'ylus
640 3861 785 3916 Messeniae
796 3863 873 3930 urbs,
884 3881 964 3934 quam
975 3865 1084 3919 nonnuli
1096 3863 1217 3936 Oetylum
1228 3871 1331 3932 vocant,
1343 3867 1380 3920 ait

234 3939 317 3994 tosto
326 3943 373 3996 hb.
381 3961 439 4001 rur.
457 3943 509 3997 Sed
520 3952 639 4018 corrupta
648 3945 698 4001 hoc
708 3948 766 4002 loco
778 3965 831 4003 vox
843 3954 894 4016 est,
905 3949 1096 4022 legendumque
1109 3969 1142 4005 ex
1153 3951 1303 4008 Dioscoride
1314 3951 1379 4006 Βᾶσ-

235 4041 269 4085 cog
279 4023 292 4077 b
301 4025 412 4089 Ἰούλιος,

290 4111 337 4163 iiel
344 4111 480 4184 Πετρώνιος
487 4113 581 4185 Νίγερ]
597 4116 760 4173 Dioscorides
771 4119 904 4174 Petronius
915 4122 999 4191 Niqer
1010 4121 1168 4178 coniunctim
1179 4123 1270 4190 habet3
1281 4123 1379 4178 Plinius

235 4209 284 4248 tero
296 4197 439 4251 Petroniam
450 4199 585 4255 Diodorum
597 4204 713 4275 copulat,
725 4206 801 4275 quasi
812 4205 927 4260 eiusdem
938 4208 990 4262 sint
1001 4209 1187 4279 appellationes
1199 4211 1300 4266 ambae.

289 4281 321 4336 rt.
331 4301 369 4340 ιν.
386 4281 419 4335 δι’
430 4281 492 4337 ἐτῶν
508 4286 653 4357 δισχιλίων]
680 4289 739 4343 hicn
756 4291 836 4362 igitur
852 4293 986 4362 vulgatam
1002 4293 1031 4346 iu
1047 4295 1142 4348 nostris
1159 4295 1315 4350 editionibus
1326 4313 1380 4350 ιιι

237 4364 363 4420 antem
372 4369 500 4423 ηιίοιιοιιι
511 4379 613 4427 secutus
625 4379 672 4439 est,
688 4391 816 4429 annornm
824 4392 944 4442 accron,
955 4377 1001 4431 sed
1011 4379 1168 4449 castigatam
1178 4398 1209 4434 ac
1220 4396 1380 4452 germanam,

236 4465 291 4517 quae
301 4453 334 4505 sd
345 4455 459 4525 priorem
471 4471 553 4510 anuos
565 4457 636 4511 addit
645 4478 690 4515 xx.
707 4461 807 4532 Hagno
817 4462 870 4515 iam
881 4467 938 4516 turn
949 4463 1011 4517 olim
1025 4463 1182 4520 Graecorum
1195 4467 1383 4538 exemplarium

236 4551 279 4588 uon
289 4555 348 4592 corn
359 4539 485 4594 Hebraeis
494 4539 645 4614 Latinisque
655 4545 745 4611 modo,
763 4547 809 4601 sed
820 4564 909 4602 secum
925 4549 1003 4602 etiarn
1020 4549 1147 4605 discordia
1163 4552 1221 4613 init.
1249 4552 1287 4605 De
1298 4555 1380 4623 priori
1403 4583 1424 4624 ρ,
1438 4573 1456 4612 a.

238 4619 329 4676 dhserit
338 4625 503 4696 Augustinus
513 4626 569 4682 Lib.
581 4629 612 4682 de
624 4629 699 4683 Cirit
710 4631 752 4684 dei
763 4650 805 4698 ιν,
818 4649 874 4704 cap.
886 4652 945 4688 1111.
963 4635 1066 4690 Hieron.
1080 4635 1184 4700 Quaest.
1197 4637 1274 4690 Hebr.
1286 4639 1382 4710 aliique

236 4709 341 4762 maxime
352 4711 514 4765 recentiores.
539 4711 578 4766 De
588 4715 724 4784 posteriori
734 4715 792 4770 ride
803 4717 909 4772 Eusebii
921 4726 1044 4792 excerpta
1053 4719 1246 4792 chronologica,
1257 4725 1303 4778 ubi
1311 4727 1381 4779 raris

237 4803 354 4872 amorum
366 4811 469 4850 summa
479 4799 628 4869 concipitur.
657 4801 695 4854 Ao
710 4808 814 4873 propter
825 4804 966 4857 immanem
978 4805 1175 4874 absurditatem,
1192 4826 1259 4880 quaa
1276 4827 1309 4864 ex
1325 4811 1381 4864 bia-

238 4875 355 4935 lluselem
365 4881 440 4936 annia
451 4882 540 4950 oritur,
555 4884 656 4940 animus
672 4893 712 4940 est
723 4887 757 4943 ed
767 4905 934 4946 numerorum
945 4891 1151 4948 emendationem
1163 4893 1285 4951 adiectus.
1313 4895 1381 4951 Nam
