3650 5642
453 603 513 666 HV

454 760 595 816 neaman
604 758 754 825 studerem,
769 759 827 815 ideo
839 762 870 814 de
887 768 959 814 terro
971 759 1049 812 Cetrius
1064 773 1188 826 νρνοτνννπ
1204 755 1256 810 dici
1269 755 1297 810 iu
1308 754 1328 812 l.
1339 755 1422 810 blacc.
1432 749 1591 814 Alexandrum

456 845 527 916 quod
538 861 553 898 e
564 845 667 910 Cilicia,
679 846 726 898 ubi
737 852 764 899 et
775 846 882 900 Darium
893 845 969 909 vicit,
981 845 1008 898 in
1020 842 1124 912 Syriam
1135 843 1279 896 exercitum
1290 841 1415 894 duhest.
1432 837 1470 892 Ad
1480 836 1537 890 baec
1547 853 1592 888 cun

456 931 550 986 Citiaei
564 931 602 984 illi
618 931 721 1002 proprie
732 931 795 984 dicti
810 947 842 985 ae
851 931 931 985 vieini
947 929 1145 984 occidentalium
1162 932 1250 982 essent
1265 927 1380 982 omnium
1391 925 1465 994 Syrie
1478 921 1593 984 notissimi.

455 1015 514 1070 fieri
523 1021 610 1086 potest
625 1022 656 1068 ut
670 1015 720 1070 boa
733 1018 822 1088 ipsum
833 1016 1001 1071 Cittiaeorum
1012 1031 1108 1068 noman
1119 1014 1247 1084 plerisque
1259 1012 1316 1066 aliis
1329 1010 1453 1066 Graeciae
1463 1007 1555 1080 pupulis
1564 1021 1594 1058 π’

457 1101 686 1157 commodaverint
713 1101 937 1166 Quemadmodum
953 1100 1076 1154 Indorum
1091 1099 1230 1170 appellatio
1245 1113 1262 1152 a
1276 1096 1418 1152 maioribus
1428 1095 1520 1150 nostrie
1529 1091 1595 1144 aire

456 1193 543 1242 motos
554 1203 646 1240 omnea
658 1188 691 1240 ab
704 1189 766 1242 orbe
777 1193 867 1242 nostro
878 1187 989 1257 populos
1000 1185 1184 1240 astusastus

525 1271 555 1324 Τί
567 1270 701 1343 ίταχίνοττ
712 1275 839 1344 σήμερον]
855 1272 938 1326 llxod.
948 1289 977 1326 rr.
989 1269 1133 1326 comm.18:
1152 1269 1182 1322 Τί
1194 1267 1231 1322 ὅτι
1242 1266 1375 1340 traxisses
1386 1271 1432 1320 τοῦ
1443 1263 1598 1335 παραγενέσθαι

456 1359 576 1429 τήρερονς
592 1359 670 1428 Apud
686 1358 861 1430 Epiphanium
871 1357 979 1410 voculae
995 1357 1062 1410 ἰνίον
1077 1352 1115 1408 ίπ*
1127 1353 1201 1408 airis
1217 1353 1382 1410 commodum
1396 1353 1497 1408 nullum
1511 1365 1598 1404 seusun

455 1443 568 1498 reddunt
577 1444 629 1498 nisi
640 1441 664 1506 ίς
676 1444 751 1496 αὐτὸν
761 1441 854 1514 ίρασαν
863 1443 1015 1497 substituas.

450 1533 455 1546 “
524 1527 641 1584 N.xxv1.
659 1527 771 1599 Καθάπερ
784 1529 884 1600 χαλινὸς
901 1531 961 1597 etc]
987 1527 1090 1582 Leviter
1107 1525 1260 1598 depravatus
1276 1525 1319 1580 bic
1334 1527 1405 1580 locus
1425 1531 1472 1578 eet
1499 1521 1599 1576 nomm

456 1615 509 1684 leg.
521 1619 562 1668 est
572 1610 674 1685 ὡρίσθη.

524 1699 557 1754 Ν.
570 1717 654 1754 xxvrr.
670 1696 753 1770 Ὅπερ
765 1695 810 1770 ἔφη
821 1697 837 1766 ἡ
850 1699 994 1769 Σνπρώρα]
1020 1697 1130 1752 Mirifice
1140 1702 1181 1752 eat
1191 1697 1242 1750 loci
1252 1695 1328 1750 istius
1339 1694 1527 1766 interpretatio,
1538 1705 1601 1761 quan

457 1783 618 1856 Epiphanius
629 1783 719 1850 affert,
730 1801 797 1855 quae
808 1803 843 1838 ex
851 1803 935 1840 suu.
947 1785 1057 1838 lectione
1068 1783 1173 1854 petitur.
1189 1782 1257 1836 Nasu
1265 1781 1376 1836 Hebraei
1386 1787 1412 1834 et
1423 1781 1510 1836 Latini
1519 1777 1601 1831 codices

456 1870 569 1940 Spoucac
583 1873 735 1938 ecupriorem
751 1879 777 1922 tu
788 1871 852 1922 πνίίνί
862 1889 900 1934 ec,
916 1871 949 1924 ob
961 1870 1196 1934 circumcisionem,
1212 1865 1315 1922 hubent.
1337 1885 1397 1922 nu.
1408 1883 1472 1922 veru
1482 1867 1555 1933 longe
1563 1861 1603 1914 alit

458 1955 633 2009 reddiderunt

526 2037 586 2091 Ὅτι
597 2039 740 2107 θελήσουσιν
752 2039 773 2092 εί
783 2038 915 2111 ἐγίνοντο]
940 2040 1030 2110 Neque
1041 2039 1082 2093 hic
1095 2055 1153 2094 cnm
1167 2038 1284 2094 Hebraeo
1302 2055 1363 2092 sxa.
1373 2037 1545 2092 consentiunt
1556 2031 1603 2084 Vul-

459 2131 523 2195 gata
532 2131 636 2179 nostra:
649 2125 686 2178 Et
695 2131 864 2180 uestimentum
875 2129 974 2178 mierum
984 2130 1108 2194 conquire
1119 2128 1169 2178 erit
1178 2127 1206 2176 in
1218 2123 1418 2186 constuctionem,
1431 2131 1458 2178 et
1468 2122 1535 2175 cibas
1544 2121 1603 2186 ipris

458 2211 509 2265 Pro
521 2227 573 2280 quo
587 2210 680 2265 Graeci
691 2211 731 2264 uni
743 2211 884 2278 ίιλήαονσιν
896 2204 955 2264 εἶναι
967 2211 1132 2281 πορίτανοτοι.

527 2295 559 2350 N.
570 2315 664 2350 navus.
676 2294 779 2350 Ἔπειτα
788 2297 829 2349 lvo
840 2297 919 2366 δείξῃ,
931 2294 965 2358 ὡς
978 2296 1023 2348 οὖν
1034 2290 1063 2363 ἣν
1076 2293 1228 2364 iraculorum]
1246 2295 1401 2366 Apollinaris
1413 2309 1519 2348 caruem
1528 2287 1605 2344 Christi

460 2383 494 2436 ab
510 2388 615 2436 aeterno
631 2383 724 2449 inisse,
744 2401 793 2437 uec
814 2400 848 2436 ex
863 2383 965 2451 virgine
981 2387 1070 2435 natam
1086 2381 1196 2434 useruit
1213 2380 1321 2452 Gregor.
1332 2379 1453 2434 Nasicas.
1466 2381 1534 2433 Orat
1545 2391 1605 2428 mu:

460 2467 647 2537 Διαβεβαιοῦταν
662 2467 710 2539 γὰρ
727 2467 761 2538 μὴ
776 2466 904 2534 inlaturos
923 2460 981 2519 sisoi
998 2466 1040 2533 τὴν
1053 2463 1132 2537 σάρκα
1143 2466 1197 2518 κατ’
1207 2463 1348 2535 οἰκονομίαν
1360 2464 1407 2518 tae
1420 2470 1466 2518 τοῦ
1478 2463 1605 2534 μονογενοῦς

460 2552 513 2606 otoo
528 2552 723 2625 προςληρθέῖσαν
739 2551 778 2605 dari
794 2551 1000 2623 μοταοταχενώονι
1017 2555 1058 2620 τῆς
1076 2553 1171 2622 φύσεως
1186 2551 1265 2622 ἡμῶν,
1281 2547 1337 2602 ἀλλ’
1349 2548 1373 2612 ἐξ
1389 2549 1468 2622 ἀρχῆς
1483 2547 1507 2602 iv
1523 2553 1556 2617 τῷ
1571 2543 1606 2612 νίῷ

460 2637 505 2706 τὴν
516 2637 633 2708 σαρκώδη
645 2635 735 2704 decisus
747 2638 817 2707 φύσιν
829 2631 889 2690 εἶναι
899 2643 949 2691 eto.

527 2721 593 2792 Λάβε
604 2741 644 2775 σοι
655 2723 733 2793 τόμον
743 2721 858 2794 χάρτου]
882 2723 940 2777 Vox
953 2720 1047 2793 χάρτου
1063 2723 1138 2776 abest
1154 2739 1170 2775 a
1185 2723 1291 2792 vulgatu
1307 2739 1368 2778 unx.
1386 2722 1554 2792 interpretum
1566 2715 1607 2770 odi·

460 2809 545 2872 tiouc;
568 2809 613 2861 scd
629 2809 657 2862 iu
669 2809 727 2862 aliis
740 2810 815 2874 olim,
826 2815 858 2862 ut
867 2815 986 2879 apparet,
997 2809 1074 2862 lecta
1094 2809 1209 2862 Basilius
1221 2815 1308 2862 autam
1319 2809 1397 2878 νόμον
1409 2811 1493 2860 καινοῦ
1504 2802 1607 2876 μεγάλαν.

528 2892 561 2949 N.
572 2911 645 2948 mr.
664 2893 700 2945 Το
712 2891 894 2964 ἆκατίργαπον
905 2892 952 2962 γὰρ
965 2891 1068 2962 peimi]
1086 2894 1182 2948 Mirum
1193 2894 1262 2948 unde
1271 2893 1337 2948 hunc
1346 2894 1488 2947 flabraioae
1496 2891 1563 2945 vocis
1572 2903 1608 2940 uu·

461 2979 705 3048 uouemoceperu
723 2948 805 3048 nbis
816 2979 950 3048 mustis
962 2985 1003 3032 eat
1014 2985 1099 3042 ονονν
1113 2951 1176 3052 aba
1189 2985 1325 3040 ννννννν
1343 2949 1388 3052 ὃν
1400 2987 1438 3040 νο
1455 2983 1538 3066 pau
1554 2983 1609 3060 nu·

462 3071 491 3120 ut
502 3066 540 3118 ait
549 3063 692 3119 Kimehius.
709 3065 774 3117 Item
785 3081 831 3116 vas
843 3064 959 3118 nondum
970 3064 1120 3134 perrectum.
1139 3065 1210 3118 Unda
1221 3069 1248 3118 et
1258 3079 1305 3136 per
1315 3065 1512 3118 tanslationem
1524 3065 1609 3124 nucu

462 3156 570 3214 nunu
586 3155 668 3238 littra
685 3156 769 3243 ΡἯ.
795 3151 876 3202 Houro
887 3155 1031 3220 saptentiae
1042 3155 1129 3204 ίπαπίν
1140 3155 1279 3219 ocsotoue.
1304 3149 1391 3204 Radix
1406 3150 1464 3220 ipsa
1478 3151 1610 3220 glomerare

462 3238 526 3292 etin
538 3254 653 3292 massam
664 3237 780 3306 redigere
798 3237 938 3306 significat.
964 3235 1021 3299 Quo
1037 3253 1115 3290 seusu
1132 3241 1156 3298 n
1180 3244 1213 3296 tt
1228 3252 1275 3306 pro
1292 3253 1379 3290 mosen
1394 3238 1539 3298 incondito,
1554 3229 1610 3284 uude

462 3325 544 3378 latina
554 3341 607 3377 vox
618 3326 722 3392 plumae.
747 3321 799 3376 Sed
810 3340 857 3392 pro
869 3323 971 3392 χονδρῳ
983 3327 1062 3392 atque
1073 3324 1154 3376 alicae
1166 3321 1299 3374 similaeve
1311 3337 1394 3391 grano
1405 3337 1539 3391 uunquam
1550 3315 1601 3386 legi

531 3410 575 3479 Τῷ
587 3408 615 3462 ut
626 3403 716 3479 'ilecto
726 3408 775 3477 πρὸ
787 3405 960 3474 ἑπτακοσίων]
988 3407 1072 3471 Quam
1087 3407 1282 3476 chronologiam
1299 3405 1444 3460 adbibuerit
1454 3403 1610 3477 Epiphanius.

374 3512 436 3564 μοι,
461 3495 583 3564 equidem
599 3495 696 3548 nescio.
725 3493 852 3546 Eusebius
869 3507 931 3544 varo
949 3493 982 3544 ab
1000 3508 1069 3545 auno
1087 3491 1172 3545 Λαίναν
1188 3509 1240 3556 rm,
1258 3493 1285 3544 in
1303 3507 1380 3562 quem
1391 3492 1542 3546 vaticinium
1559 3483 1612 3542 turi

461 3580 568 3634 coniicit
578 3579 680 3643 Noster,
697 3579 730 3630 ad
744 3578 860 3630 natalem
871 3575 967 3630 Obristi
978 3593 1061 3630 annos
1072 3577 1173 3646 colligit
1184 3591 1338 3631 roccrnvur.
1363 3577 1431 3632 llam
1441 3593 1528 3632 nonus
1539 3573 1612 3629 selas

463 3664 618 3718 adscribitur
634 3680 703 3717 auno
721 3677 828 3717 cicccc.
845 3679 921 3716 xvru.
950 3661 1050 3715 Natalis
1068 3661 1162 3716 Christi
1180 3677 1224 3718 uro
1243 3677 1287 3719 otc
1305 3681 1348 3719 xv.
1379 3663 1543 3718 Intervallum
1559 3655 1612 3714 anui}

463 3765 619 3805 roccxuvru.

530 3831 585 3884 Ἵνα
596 3833 660 3904 δείξῃ
671 3831 715 3901 τὴν
726 3830 843 3902 Μαρίαν]
868 3833 977 3886 Hebraei
990 3833 1110 3902 quidam,
1122 3837 1215 3904 utputa
1227 3833 1299 3890 Aban
1311 3833 1376 3888 llara
1386 3841 1413 3888 st
1422 3835 1506 3888 David
1517 3831 1611 3888 nunu

462 3921 532 3976 bunc
542 3920 643 3983 locum,
660 3917 848 3990 prophetissam
862 3917 935 3970 illam
946 3917 1040 3971 Esaiae
1053 3935 1162 3972 uxorem
1177 3920 1384 3990 interpretantur,
1402 3920 1549 3990 quaequod
1564 3931 1611 3988 pro

462 4005 658 4077 phetamrirunr
670 4003 796 4067 habuerit,
808 4001 970 4072 prophetissa
978 4009 1149 4074 nuncupetur.
1166 4005 1269 4058 Hieron.
1278 4007 1372 4074 partim
1381 4021 1427 4075 per
1435 4005 1611 4076 prophetissam

464 4092 590 4162 Spiritum
607 4095 740 4154 sanctum,
756 4089 852 4159 partim
869 4087 899 4142 B.
911 4089 1046 4157 Virginem
1063 4089 1197 4160 iutelligit,
1215 4090 1285 4160 qnod
1301 4097 1328 4143 et
1342 4089 1456 4144 Basilius
1472 4091 1565 4161 aliique
1581 4103 1611 4138 se·

465 4181 587 4249 quantur.

533 4262 577 4332 Τῷ
589 4258 636 4331 γὰρ
649 4257 727 4330 ίνίτῳ
740 4256 804 4327 ἔτεα]
825 4261 909 4314 Multa
921 4258 970 4312 boc
982 4259 1039 4313 loco
1052 4261 1174 4314 adveraus
1186 4261 1349 4316 strationem
1360 4267 1506 4332 temporum
1520 4269 1546 4314 et
1556 4255 1611 4312 Scri·

464 4355 569 4420 pturam
585 4346 726 4400 commissa
742 4352 816 4411 aunt,
833 4347 887 4398 aiva
904 4345 1068 4398 librariorum
1085 4347 1161 4411 vitio,
1181 4347 1235 4400 siva
1253 4352 1342 4400 autore
1359 4348 1416 4417 ipso
1434 4345 1503 4400 aliud
1522 4349 1611 4416 agente

465 4434 547 4488 Isaiae
557 4431 708 4486 vaticinium
719 4431 783 4484 illud
794 4447 863 4485 anno
874 4449 910 4485 rx.
923 4429 1009 4484 Λαίναν
1021 4431 1118 4484 editum
1128 4433 1211 4485 fuisse
1222 4437 1303 4501 putat.
1323 4432 1440 4486 Eundem
1452 4447 1530 4502 porro
1541 4441 1611 4484 mnas

465 4535 589 4588 regnasse
601 4536 654 4582 arv,
670 4533 700 4570 ac
714 4510 773 4570 tum
788 4515 939 4580 Ezechiam,
956 4531 1017 4569 cum
1031 4517 1111 4570 isaias
1123 4517 1277 4570 runcinatur
1288 4523 1340 4583 est,
1357 4533 1439 4572 annos
1451 4535 1479 4570 rr
1490 4516 1611 4586 babuisse

466 4603 541 4667 Quod
551 4606 575 4658 si
585 4621 675 4658 varum
686 4607 738 4667 est,
754 4602 881 4656 bimulum
891 4603 974 4656 tuisse
986 4607 1088 4672 oportet
1099 4601 1249 4667 Ezechiam,
1266 4619 1325 4656 oum
1336 4609 1410 4674 pater
1421 4603 1502 4674 ipsius
1513 4613 1611 4672 regnum

466 4690 559 4759 eoepit
585 4690 665 4760 Atqui
680 4694 710 4742 nt
725 4688 748 4740 is
764 4705 811 4740 arv
826 4688 954 4742 duntaxat
970 4703 1051 4742 annos
1068 4689 1226 4756 regnaverit,
1242 4705 1295 4744 nou
1311 4689 1370 4759 plus
1382 4705 1428 4742 rvr
1444 4687 1520 4741 anuis
1534 4681 1611 4746 babuli

466 4773 602 4840 Ezechiaa,
618 4791 696 4845 quem
706 4781 795 4827 tamen
806 4789 842 4826 ax
853 4789 937 4827 anuos
949 4777 1052 4842 natum,
1069 4789 1128 4827 cum
1139 4787 1249 4844 regnare
1260 4776 1355 4845 eoepit,
1372 4775 1454 4828 lunae
1470 4775 1546 4844 paulo
1562 4769 1611 4842 posi

457 4859 566 4916 -sertbit
589 4860 690 4916 Revera
705 4865 792 4914 autem
803 4875 856 4912 xxv
870 4857 976 4924 habuit;
993 4875 1028 4914 rv.
1043 4859 1109 4929 neg.
1121 4875 1202 4927 xvru,
1220 4865 1245 4916 et
1262 4877 1289 4915 νν.
1307 4859 1365 4916 Par.
1377 4877 1451 4916 xxix.
1477 4859 1559 4925 Quare
1573 4867 1611 4929 pc*
