3650 5642
1224 613 1389 676 cmxxvu

238 767 420 839 idemtnpus
430 767 568 824 sdnossm
578 766 747 822 dedicendum
756 767 892 823 θιοίΙίοιοι
900 767 1018 838 Ancyrse
1028 767 1107 824 sicinl
1118 783 1134 824 s
1144 767 1242 824 Bssilio
1253 771 1389 828 consecuti

239 858 322 906 essent
330 853 462 924 episcopi,
475 853 611 924 splstolsm
626 852 660 906 sd
671 869 716 908 eos
727 853 833 923 scripsit
841 852 1010 924 horteturque
1021 859 1061 908 est
1071 859 1102 909 ut
1111 853 1223 908 Eudoxii
1234 860 1311 926 etque
1319 857 1388 912 sedi

238 939 565 1009 prumtemimpietstem
574 938 713 992 sutorilste
723 953 773 992 sus
782 945 984 1008 compescerent
1002 938 1098 994 sciuit
1105 939 1236 1009 Ancyrsni
1246 947 1387 996 conuentus

240 1024 351 1088 oocssic,
361 1039 380 1076 s
389 1039 442 1094 qno
451 1023 532 1093 leges
542 1022 575 1076 sd
585 1023 769 1093 imperstorem
779 1022 868 1087 missi,
878 1021 991 1078 Bssilins
1002 1024 1070 1094 ipse,
1082 1023 1232 1080 suelsthius
1245 1025 1387 1091 snbsstise,

238 1107 357 1162 hostius
366 1106 454 1177 cytisi
461 1107 590 1178 episcopi,
601 1108 647 1178 qui
653 1108 809 1162 nominetim
816 1105 867 1161 boo
874 1111 1004 1177 peterem,
1016 1115 1046 1164 ut
1053 1108 1214 1164 srrdicensis
1225 1126 1256 1164 so
1265 1110 1388 1166 Sirmiuui

239 1193 335 1247 concilii
352 1192 456 1248 &mets
472 1199 642 1248 eerrsrmtur.
674 1193 732 1249 lem
746 1192 812 1248 illud
828 1209 862 1246 ex
878 1193 1055 1264 superioribus
1072 1193 1220 1260 didicimus,
1240 1194 1388 1250 lindoxium

240 1293 301 1330 suso
309 1293 417 1334 occurs
428 1293 489 1332 enm
496 1277 658 1332 Romsem
670 1278 891 1348 onm'isnperstors
901 1283 978 1343 esset,
994 1277 1083 1334 sudits
1090 1279 1193 1334 Lnontii
1204 1285 1287 1338 morte
1298 1281 1388 1338 Auso·

240 1361 316 1416 cbism
331 1363 505 1418 susubium
523 1379 581 1416 esse
597 1362 748 1434 proiectum
783 1362 840 1427 Qus
855 1364 883 1418 iu
900 1363 963 1418 urbe
974 1363 1072 1418 Ursscii
1084 1370 1110 1417 et
1118 1364 1234 1418 Veientis
1245 1365 1333 1420 litores
1345 1381 1388 1420 rc·

240 1450 372 1518 cspitcum
381 1447 444 1504 sdel
452 1448 579 1513 formuls,
596 1463 664 1518 quse
677 1451 722 1500 τοῦ
733 1445 866 1518 ὃροοοοίον
876 1454 955 1519 utque
967 1445 1107 1518 iporooclos
1118 1465 1196 1502 voces
1208 1450 1339 1504 obliterari
1349 1451 1388 1504 in·

241 1533 316 1587 hebet.
338 1533 389 1588 list
397 1539 494 1599 sutem,
505 1539 536 1587 ut
545 1550 580 1588 ex
587 1533 683 1588 liilsrio
695 1535 905 1599 monstresimns,
917 1533 1008 1588 eudem
1018 1535 1063 1588 ille
1074 1533 1195 1598 iormuls,
1208 1549 1286 1604 qnsm
1297 1534 1324 1588 in
1333 1533 1388 1588 sir·

239 1620 324 1672 nicusi
332 1619 438 1688 synodo
447 1619 562 1674 secundo
572 1619 630 1673 loco
641 1617 764 1672 dictstsm
774 1618 931 1674 srbitrsntnr
943 1635 1040 1674 omnes.
1059 1617 1167 1682 Quodsi
1179 1635 1247 1672 snno
1259 1620 1389 1689 sequenti,

240 1703 281 1755 boo
291 1709 332 1756 est
341 1717 460 1758 occssn.
472 1703 614 1758 sirmiense
630 1702 769 1758 concilium
784 1702 902 1758 hobitum
920 1709 973 1769 est,
990 1709 1019 1758 ut
1034 1703 1127 1758 iisdem
1144 1703 1277 1757 sutoribus
1295 1705 1387 1773 plecet,

240 1804 315 1857 nsque
321 1787 467 1853 sedonius,
475 1789 587 1844 Acscius
599 1794 626 1842 et
633 1787 751 1853 Urseius,
762 1804 847 1860 neque
856 1788 972 1842 Busilius
982 1789 1039 1860 ipse
1050 1803 1080 1842 so
1090 1787 1218 1858 Georgius
1226 1787 1386 1842 Lscdiceuus

241 1871 366 1926 sirmiensi
376 1873 479 1942 synodo
491 1889 522 1928 sc
532 1871 635 1927 rietur
645 1873 806 1928 dsmnstioni
816 1873 995 1928 interfuerunt
1027 1873 1101 1938 Quod
1113 1873 1144 1926 de
1155 1872 1252 1926 sesilio
1263 1889 1327 1928 esne
1337 1873 1387 1926 ful·

241 1957 363 2012 siseimum
380 1964 432 2023 eet,
449 1960 495 2028 qni
510 1973 610 2028 msgns
623 1975 684 2028 pers
695 1959 845 2014 sirmiensis
855 1959 960 2012 concilii
969 1958 1032 2024 init,
1049 1963 1141 2029 utpute
1152 1959 1225 2012 cuius
1238 1973 1315 2028 opere
1325 1974 1385 2012 oon-

241 2043 313 2096 rictss
323 2049 366 2097 est
375 2058 409 2098 ss
419 2049 557 2114 superstns
567 2041 698 2098 Photinus
730 2043 798 2108 Quin
809 2049 839 2097 ut
850 2044 922 2097 omni
933 2060 966 2098 ex
977 2049 1051 2114 purte
1062 2043 1156 2097 veritus
1168 2043 1308 2108 elucescet,
1323 2043 1385 2096 slte-

241 2143 290 2180 rsrs
303 2129 403 2199 scripe.
423 2128 562 2198 Ancyrsns
576 2128 705 2199 synodus,
722 2127 940 2199 qnemsdmodum
956 2127 1081 2198 synodice
1095 2129 1165 2182 illins
1182 2128 1292 2198 epistole
1302 2127 1386 2192 docet,

242 2219 292 2265 sris
301 2212 400 2282 pssciss
407 2214 537 2268 mlsbrsm
547 2219 596 2279 est,
612 2217 654 2280 τῆς
666 2212 736 2284 ιἰγίας
745 2212 838 2284 ἡμέρας
848 2217 893 2266 τοῦ
905 2210 992 2284 πάσχα
1002 2210 1162 2283 susscipitur,
1181 2212 1214 2266 ud
1230 2228 1310 2283 quem
1326 2229 1384 2283 pro·

243 2303 318 2364 pteres
326 2299 445 2369 episcopi
454 2298 585 2368 plerique,
601 2300 646 2369 qui
663 2299 798 2354 eonsoosti
811 2297 927 2363 inerunt,
944 2298 1035 2352 edesse
1045 2299 1079 2352 ob
1090 2296 1183 2352 hiemis
1193 2298 1385 2352 inclementiam

243 2383 335 2436 minime
345 2388 494 2453 potuerunt
510 2383 578 2448 Quid
587 2384 669 2455 igitur
678 2383 745 2454 ungi
754 2389 841 2454 potest
851 2383 987 2438 ebenrdins
996 2399 1075 2454 qnsm
1086 2382 1156 2453 qnod
1166 2399 1200 2436 ex
1211 2383 1314 2437 illorum
1326 2399 1384 2436 usr-
1402 2433 1405 2446 ,

243 2468 327 2522 usone
334 2469 633 2538 sequtussneyrsnsn
641 2469 771 2540 synodum
778 2474 840 2524 snte
847 2467 1015 2524 sirmiensem
1024 2483 1082 2522 esse
1090 2468 1264 2522 celebratum?
1281 2467 1385 2522 Etenim
1410 2481 1484 2533 psus

244 2552 332 2608 sture
344 2567 452 2610 occurs
462 2553 597 2610 sudoxius
608 2553 795 2610 Antiochensm
806 2554 894 2609 eedem
905 2561 998 2610 nectus
1010 2559 1061 2619 est,
1074 2554 1241 2622 Ancyrsnum
1251 2569 1312 2608 sero
1324 2569 1384 2608 con·

244 2637 317 2692 osen
326 2655 397 2694 suso
407 2640 539 2710 nometi,
553 2646 584 2694 ut
592 2640 686 2694 eodem
695 2653 764 2696 suno
776 2639 916 2694 sirmiense
928 2640 1066 2694 consilinm
1076 2639 1202 2694 indictum
1213 2637 1303 2704 inerit,
1319 2655 1384 2692 nou-

244 2723 285 2776 nisi
297 2730 356 2794 post
368 2723 483 2780 lsismem
499 2734 527 2778 et
539 2723 649 2796 preciis,
664 2724 781 2794 sdeoque
797 2730 859 2795 poet
867 2725 1035 2794 mensuum
1052 2725 1176 2780 celebrari
1192 2724 1284 2794 potuit.
1305 2723 1386 2793 Atqui

245 2807 287 2860 isn
295 2815 428 2878 persecu
438 2827 496 2865 esee
507 2811 632 2881 oportuit;
642 2811 667 2865 si
677 2809 783 2881 quidem
793 2809 863 2864 esits
872 2809 906 2864 sb
919 2809 980 2864 Osio
992 2809 1141 2864 sianiensis
1156 2809 1258 2862 concilii
1272 2808 1385 2862 termule

245 2891 424 2950 bremme
432 2896 611 2966 inpublicum.
636 2895 720 2959 Quere
728 2900 756 2950 et
764 2896 870 2951 sbeente
878 2894 976 2950 Bssilio
985 2911 1016 2952 sc
1024 2895 1130 2966 reliquis
1139 2894 1268 2966 episcopis
1279 2893 1385 2948 demm-

246 2977 405 3036 missenus
413 2996 445 3034 sc
453 2980 596 3036 sirmiense
607 2981 746 3036 concilium
756 2981 905 3036 sbsclntum
917 2986 964 3046 est,
976 2987 1003 3034 st
1013 2985 1117 3052 propter
1128 2980 1193 3034 sliss
1204 2995 1310 3032 csussss
1320 2995 1385 3034 non·

247 3059 296 3116 ism
307 3063 425 3120 irsbosri
440 3067 537 3136 potuit,
554 3066 678 3136 quonism
688 3067 856 3134 Ancyrsnum
866 3065 1002 3120 sirmiensi
1018 3065 1095 3120 debet
1106 3081 1163 3119 erse
1174 3065 1310 3135 posterius.
1332 3064 1384 3135 Ap·

247 3154 305 3214 istst
314 3154 400 3206 essem
410 3156 479 3214 tum,
489 3165 550 3206 oum
561 3151 710 3206 Sirmiensis
720 3151 765 3204 ills
775 3150 900 3221 posterior
911 3155 952 3204 est
963 3150 1058 3204 emises
1068 3149 1192 3214 formuls,
1204 3165 1288 3219 neque
1299 3149 1384 3204 sudo·

246 3233 317 3298 ssu,
331 3251 419 3306 nsque
431 3235 560 3291 Bseilium
575 3241 623 3290 sut
633 3235 776 3306 Georgium
785 3235 866 3290 inisse
877 3233 976 3299 sirmii;
994 3233 1203 3304 qusndoquidem
1214 3231 1347 3290 sudorius
1358 3239 1385 3290 et
1498 3221 1503 3234 ’

248 3315 282 3370 dii
291 3319 322 3373 ob
331 3325 465 3392 seceptsm
474 3321 547 3376 illsm
558 3320 705 3392 sirmicqu
715 3321 836 3386 missum,
847 3326 875 3374 et
884 3335 901 3372 s
911 3319 974 3374 eolis
983 3319 1103 3374 uidelicet
1113 3319 1334 3384 Occidentnlibns,
1346 3319 1384 3372 id·

248 3415 315 3472 eoque
321 3404 412 3461 Ledus
419 3412 579 3477 conmptsm,
590 3406 690 3476 grstiss
698 3411 808 3476 egerunt
814 3422 860 3475 per
867 3405 968 3458 litoroso
983 3403 1117 3474 Πρόφασιν,
1129 3404 1221 3474 inquit,
1232 3405 1383 3475 ποιούμενος,

249 3482 319 3546 sttui
327 3489 350 3544 st
359 3489 407 3544 iss
417 3491 486 3545 ss'srs
495 3489 625 3544 ἐπίσκοποι
635 3495 713 3544 τοῦτο
723 3487 883 3560 illusissem:
899 3490 958 3544 Hoc
974 3494 1056 3560 ι’ροιιιι
1067 3493 1105 3544 cd
1114 3493 1253 3560 impietates
1262 3506 1325 3542 esse
1332 3507 1383 3559 ps·

250 3577 362 3628 moises
372 3578 501 3645 οθοραιιο,
512 3578 578 3645 pscd
588 3577 772 3647 eosdemfidsss
786 3575 1198 3645 Occidestnissprojessifus'ssent.
1221 3575 1298 3628 Moxr
1314 3571 1384 3626 Ἐπι-

250 3656 323 3726 πνῆν
332 3660 393 3730 spise
404 3660 494 3723 viteis
504 3660 676 3732 διικίρψονιο,
688 3658 806 3715 Οὐάλεντι
820 3660 861 3714 καὶ
872 3659 1006 3731 occassio
1018 3660 1058 3712 sel
1070 3659 1196 3731 Γιρρανίῳ
1207 3657 1279 3732 χάριν
1291 3656 1384 3731 ὁμολο-

250 3747 342 3813 tostus,
358 3746 399 3798 ssi
415 3750 461 3800 τοῦ
477 3741 557 3816 ὀρθῶς
573 3743 681 3808 destitere
697 3745 754 3807 τοὺς
769 3744 795 3798 ἐν
811 3749 841 3816 τῇ
858 3745 925 3798 diost
941 3744 983 3808 τὰς
1002 3743 1113 3816 ἀφορμὰς
1131 3745 1213 3807 αὐτοῖς
1230 3743 1384 3807 ἀνατιθέντες.

250 3823 304 3882 ilsec
318 3831 417 3897 ensis,
433 3831 503 3902 quod
519 3838 546 3886 et
561 3833 595 3886 sb
612 3830 743 3886 omideute
757 3836 784 3884 et
793 3831 827 3886 sb
837 3830 1038 3886 occidentsiibus
1050 3831 1177 3902 episcopis
1189 3831 1265 3896 Osis,
1276 3831 1385 3886 Velente

251 3917 313 3981 sisse
322 3913 427 3971 Unscic
437 3917 521 3972 misss
535 3921 564 3970 et
572 3917 601 3972 in
612 3915 814 3970 Occidentsiium
825 3912 936 3986 ginden
948 3917 1094 3987 conscripts
1103 3915 1165 3970 fidel
1175 3915 1303 3986 expositio
1315 3916 1383 3968 dics·

251 4001 289 4061 Ψ,
301 4001 361 4056 estis
372 4001 490 4056 isdicsnt
498 4003 551 4056 slio
561 4017 640 4071 quem
650 4001 799 4057 sirmiensis
810 4001 904 4071 synodi
913 4007 1031 4072 tempore
1041 4001 1122 4056 inisse
1134 4005 1291 4054 contsxtsm.
1324 3999 1385 4056 Fuit

252 4083 306 4136 cuim
314 4101 366 4140 nen
374 4087 462 4142 solum
472 4086 603 4157 generslis
613 4087 665 4142 iem
675 4085 802 4156 synodus,
817 4087 863 4140 sed
874 4086 909 4140 sb
920 4085 1094 4140 Orientalibus
1102 4086 1253 4156 pressertim
1267 4084 1383 4138 Gnosis·

252 4171 433 4237 semesum
449 4188 466 4226 s
482 4172 577 4243 qulbus
592 4188 656 4242 prse
671 4173 791 4236 metetis,
807 4177 838 4226 nt
851 4170 949 4226 dictum
965 4176 1016 4234 eet,
1033 4169 1137 4224 Photini
1147 4186 1217 4224 error
1228 4168 1382 4240 dispulsudo

253 4255 364 4311 mrim·
373 4262 422 4312 est
442 4257 482 4310 Ac
496 4258 522 4312 si
535 4257 602 4312 inter
612 4263 672 4312 sets
682 4256 831 4312 sirmiensis
843 4256 952 4312 Goncflii
966 4255 1080 4310 secnnds
1090 4255 1135 4310 ills
1145 4255 1258 4310 formuls
1268 4269 1382 4308 censere·

253 4340 290 4401 sb
302 4356 430 4413 murm
440 4341 597 4396 &misrbsi
611 4347 656 4396 sut
668 4341 733 4396 illud
747 4341 911 4406 lsudsssent,
928 4345 974 4395 sut
988 4347 1075 4396 retum
1091 4339 1182 4396 hsbsri
1196 4341 1252 4394 sine
1268 4339 1322 4392 ulls
1337 4353 1382 4390 ex-

253 4425 349 4490 codem
358 4427 548 4498 postulssmt,
562 4426 609 4481 sed
620 4427 774 4482 nomimtim
784 4427 926 4497 repudietis
936 4425 1120 4496 posterioribus
1136 4425 1168 4478 de
1182 4423 1311 4495 prioribus
1326 4421 1382 4476 eius

255 4507 304 4559 stis
315 4512 448 4566 csrlmeut.
470 4512 567 4567 Verum
582 4512 644 4582 quid
655 4510 698 4566 isio
707 4514 926 4583 tergiveresmurl
948 4511 995 4566 Est
1005 4511 1074 4564 enim
1085 4510 1190 4566 evidens
1200 4513 1228 4564 st
1237 4523 1301 4562 esne
1311 4507 1382 4562 lucu·

255 4586 741 4663 lstmffilsrtissdereteetnonium,
752 4598 798 4668 qui
807 4598 836 4651 in
844 4598 910 4652 libro
920 4596 951 4650 de
960 4595 1072 4666 synodis
1081 4595 1267 4650 dubitetionsm
1279 4611 1383 4650 omnem

257 4675 333 4732 eximit
361 4680 472 4752 Scripsit
485 4681 555 4736 dunc
570 4682 666 4737 librum
681 4683 716 4737 sd
730 4683 865 4753 episcopos
877 4681 1026 4736 Gelliosms
1038 4680 1150 4734 Hilarius
1165 4679 1243 4750 psulo
1255 4683 1315 4734 snte
1326 4679 1383 4734 Ari·

258 4759 377 4820 mm
385 4766 529 4837 synodum,
540 4783 598 4822 oum
610 4767 645 4820 sb
654 4768 707 4822 illls
717 4767 895 4837 interpelletus
906 4772 984 4833 οοοοι,
995 4773 1025 4820 ut
1035 4765 1067 4820 de
1078 4766 1141 4820 solis
1151 4765 1284 4834 Ancprsni
1295 4765 1383 4820 Orien·

259 4842 331 4903 blm
341 4867 478 4908 som
490 4851 575 4924 deque
583 4851 730 4911 sirmiense
744 4851 922 4924 blsspbenise
932 4851 1097 4910 dsmnetions
1111 4850 1288 4922 perscriberet
1322 4850 1383 4916 Qui·
