3650 5642
1286 638 1392 693 clxxl

241 793 431 863 aequinoctium
444 791 611 863 pauperrimae
627 793 655 846 in
672 796 823 863 aequantem
839 791 908 845 dam
924 807 1074 859 excurrere,
1090 792 1137 847 aad
1153 808 1188 846 ax
1204 793 1332 847 ambobus
1347 808 1392 863 po·

213 882 218 895 '
241 880 303 931 litice
313 878 345 931 ad
357 878 520 948 aequinoctii
531 878 631 941 sedam,
647 878 760 948 annique
778 877 907 931 cardinem
925 878 968 931 illa
985 878 1107 948 deligitur
1119 879 1148 932 in
1159 895 1211 949 quo
1221 878 1357 949 praecipua
1368 884 1393 932 et

240 963 349 1017 maxima
359 963 487 1033 temporis
499 968 572 1033 parta
583 963 688 1017 roduani
699 962 818 1027 creditur,
833 980 887 1016 nou
903 964 926 1015 is
940 964 969 1015 in
985 978 1064 1032 quam
1079 964 1207 1034 euagarmi
1217 964 1320 1017 licentia
1330 980 1392 1035 pau·

241 1050 306 1101 latim
317 1046 469 1113 affunditur,
485 1064 534 1101 nac
545 1049 572 1101 in
584 1064 615 1101 ao
627 1052 715 1101 tamen
727 1048 823 1101 diutius
835 1048 966 1112 consistit,
980 1064 1071 1101 varum
1082 1049 1276 1103 intercalatione
1284 1049 1392 1103 subinde

241 1134 302 1187 adut
312 1132 429 1203 quodam
440 1132 532 1187 naono
543 1138 685 1188 resumtur.
709 1132 861 1187 Cuiusmodi
873 1148 906 1186 ex
918 1134 1033 1186 Anatolii
1043 1134 1163 1203 opinione
1175 1152 1240 1188 uxrr.
1251 1134 1338 1187 Mardi
1347 1150 1392 1187 ex·

241 1220 316 1273 inisse
326 1218 401 1272 Bada
411 1224 511 1273 narrat.
544 1216 618 1282 Quod
634 1234 709 1272 secus
726 1234 754 1271 se
770 1217 856 1272 habat
891 1218 996 1288 Alioqui
1007 1219 1031 1270 si
1040 1219 1191 1289 plerumque
1202 1220 1229 1273 in
1241 1236 1295 1273 ιιι.
1305 1220 1394 1273 Martii

241 1305 429 1373 aequinoctium
439 1297 620 1367 contineretur,
637 1318 667 1357 ac
683 1304 789 1357 nonnisi
803 1304 918 1357 secundo
929 1304 971 1356 val
981 1304 1058 1357 tertio
1068 1309 1129 1374 post
1139 1305 1270 1358 bisarium
1280 1304 1392 1358 ennead

242 1406 297 1443 un.
307 1390 457 1454 accederet,
470 1389 591 1441 imovero
601 1389 883 1459 nonunquailloanuu
893 1389 1238 1460 quidemcivilisdieimetas
1248 1392 1392 1461 attingeret,

241 1472 281 1525 loc
292 1480 330 1527 ast
342 1490 399 1527 uon
412 1474 481 1527 ultra
490 1473 602 1527 mediam
613 1479 716 1529 noctem
728 1490 752 1527 a.
762 1474 786 1527 d.
797 1492 834 1529 xr.
844 1474 901 1529 Kal.
911 1474 972 1545 Apr.
984 1490 1119 1544 nunquam
1127 1475 1263 1528 Anatolius
1272 1492 1335 1529 mr.
1346 1492 1391 1545 po·

242 1558 284 1611 tius
294 1574 373 1628 quam
387 1577 444 1614 ω.
456 1560 519 1613 anni
529 1559 661 1613 cardinem
672 1576 703 1613 ac
713 1558 862 1631 paschalem
876 1560 1018 1613 terminum
1033 1560 1200 1629 assignasset
1223 1558 1391 1623 Quemadmo-

242 1644 293 1695 dum
303 1642 353 1697 hoc
361 1648 481 1715 tempora
490 1652 550 1715 post
560 1644 745 1715 Gregorianam
756 1645 946 1710 recensionem,
957 1644 1019 1698 licet
1029 1645 1221 1715 aequinoctium
1233 1644 1294 1696 sotir
1305 1644 1392 1715 prrip-

243 1746 323 1781 urouo
332 1728 361 1783 in
370 1730 504 1801 aequabili
512 1746 581 1785 auno
590 1731 623 1783 ad
632 1730 744 1783 mediam
752 1730 806 1783 tera
817 1736 935 1794 noctem,
947 1746 1014 1800 quaa
1025 1748 1090 1785 mr.
1101 1730 1243 1794 antecedit,
1253 1729 1391 1799 perveniat,

241 1812 400 1868 sitdominus
413 1815 441 1868 in
453 1833 507 1869 xrs.
520 1814 635 1869 defixum
651 1820 703 1879 ast,
719 1814 789 1886 quod
806 1830 866 1868 eum
882 1815 952 1868 diam
968 1821 1023 1870 toto
1038 1815 1093 1869 iera
1108 1815 1209 1869 Iuliano
1223 1814 1391 1884 quadriennio

242 1900 364 1967 produit.
404 1898 465 1953 Nou
476 1906 518 1954 est
528 1901 608 1971 igitur
619 1900 789 1953 dubitandum
801 1901 863 1971 quin
875 1901 1010 1954 Anatoliua
1020 1919 1057 1955 ιι.
1065 1900 1122 1954 Kal.
1131 1902 1191 1971 Apr.
1203 1900 1392 1970 aequinoctium

244 1984 306 2037 urile
322 1985 447 2039 statuerit
461 1986 495 2038 ad
510 2002 570 2041 aum
585 1986 705 2051 modum,
723 2002 775 2057 qno
792 1990 853 2056 post
868 1984 1012 2039 Nicaannm
1030 1987 1168 2039 concilium
1181 1986 1210 2040 in
1227 2003 1272 2041 nu.
1282 1983 1389 2040 Haud.

244 2070 388 2124 carduum
401 2077 454 2135 est;
471 2072 535 2125 adeo
550 2076 579 2125 ut
594 2072 666 2125 nulla
681 2089 735 2127 rrv.
748 2072 823 2135 luna,
839 2086 906 2141 quae
918 2075 979 2124 aute
994 2088 1030 2126 rr.
1041 2070 1099 2123 Kal.
1111 2071 1250 2137 ceciderat,
1263 2070 1390 2142 paschalis

244 2152 377 2211 laceratur.
403 2155 432 2209 ld
445 2156 514 2209 euim
526 2158 640 2211 Anatolii
651 2158 729 2211 verba
740 2156 908 2209 disertissime
918 2161 1054 2209 testantur.

300 2240 368 2294 Saue
381 2242 405 2295 si
417 2242 531 2295 mediam
547 2242 610 2296 anni
624 2242 716 2312 tropici
732 2240 842 2295 iormam
859 2242 1000 2311 sequimur,
1016 2241 1161 2295 cuiusmodi
1176 2247 1217 2295 est
1226 2240 1391 2311 Alpheusina,

246 2340 300 2391 quae
310 2326 420 2380 caeteris
433 2328 606 2397 anteponitur,
623 2327 737 2381 Anatolii
753 2332 869 2398 tempora
883 2327 1076 2397 aequinoctium
1086 2328 1219 2397 utriusque
1230 2326 1281 2379 diei
1291 2332 1391 2397 partem

246 2426 272 2461 er
282 2426 361 2481 aequo
373 2412 427 2465 sibi
438 2412 599 2467 vendicabat.
622 2412 696 2465 Vixit
710 2413 781 2466 anim
797 2412 882 2465 medio
898 2412 953 2467 fera
968 2413 1045 2465 tertio
1061 2418 1122 2483 pest
1135 2418 1218 2465 crtum
1230 2411 1324 2466 Christi
1335 2428 1391 2464 sae·
1468 2452 1470 2456 Α

246 2496 301 2550 culo.
324 2496 443 2567 Cumque
455 2514 523 2550 auno
537 2496 632 2551 Christi
644 2512 686 2553 cc.
700 2498 892 2568 aequinoctium
903 2514 1012 2551 sarnum
1023 2498 1160 2568 contigerit
1169 2498 1254 2551 Martii
1265 2516 1331 2561 uxr„
1345 2496 1390 2549 ho-

246 2580 273 2629 ris
284 2580 305 2644 i,
319 2582 361 2647 16,
378 2579 436 2635 133¹
447 2588 507 2653 pest
517 2582 664 2648 meridiem,
677 2600 744 2636 anno
756 2600 817 2636 vero
830 2583 989 2637 accusanti
1000 2602 1057 2648 xm,
1071 2582 1142 2636 horis
1155 2583 1198 2648 13,
1210 2579 1264 2647 22¹,
1275 2579 1350 2637 533¹:
1367 2583 1390 2635 si

246 2680 368 2721 moenum
382 2666 573 2739 Alpheusinum
585 2684 617 2721 ar
630 2684 713 2739 neque
724 2668 855 2739 partiaris,
870 2668 987 2722 invenias
1003 2669 1139 2722 ameridia
1149 2668 1230 2722 farma
1241 2686 1295 2723 ur.
1304 2668 1392 2721 Mardi

247 2750 271 2801 ad
281 2753 412 2807 meridiam
424 2772 488 2807 xxm.
498 2754 691 2824 aequinoctium
703 2754 770 2807 ultro
785 2754 900 2824 citroque
913 2770 1081 2809 commeasse.
1098 2754 1149 2808 Sed
1158 2754 1292 2807 Anatolina
1304 2753 1391 2823 aequi·

248 2838 346 2891 noctium
363 2838 442 2903 illud,
460 2838 529 2909 qued
547 2855 562 2891 a
578 2838 721 2892 maioribus
738 2844 884 2909 acceparat,
901 2840 930 2892 in
944 2858 1011 2895 xrrr.
1022 2840 1139 2904 retinuit,
1157 2856 1217 2893 cum
1227 2839 1390 2893 Ptolomaeus

249 2924 291 2973 toto
301 2929 358 2977 anta
371 2924 478 2977 samnio
486 2940 595 2977 sarnum
607 2925 799 2995 aequinoctium
811 2942 875 2979 xxrr.
884 2925 973 2978 Martii
982 2927 1010 2978 iu
1021 2926 1129 2979 meridie
1138 2926 1311 2989 observasset,
1322 2940 1390 2978 anno

249 3004 327 3060 Christi
338 3024 414 3074 cnm,
429 3008 554 3061 bisextili.
588 3008 623 3061 Ut
634 3008 682 3062 hac
693 3010 793 3063 ratione
803 3011 871 3063 iuter
881 3010 1015 3063 meridiam
1026 3030 1091 3065 xrn.
1104 3018 1129 3063 at
1139 3028 1214 3064 um.
1226 3011 1390 3080 progredere·

249 3096 287 3145 tm.
304 3092 376 3156 Quod
389 3094 412 3147 si
424 3094 575 3147 Ptolemaici
587 3099 613 3147 at
621 3094 775 3165 Hipparchai
788 3096 984 3160 caniformem,
996 3112 1063 3165 quaa
1075 3111 1135 3149 ccc.
1145 3096 1219 3147 annis
1231 3095 1299 3148 diam
1310 3112 1391 3148 unum

249 3177 496 3243 terminunculis
508 3181 646 3250 amplexus
658 3181 703 3245 eit,
715 3196 774 3233 curn
783 3180 918 3249 προήγησις
927 3182 986 3250 plns
996 3181 1084 3232 ninus
1096 3196 1221 3233 annorum
1232 3185 1335 3233 cautum
1344 3179 1391 3232 110·

249 3276 281 3313 ns
295 3280 346 3317 cnr.
363 3264 491 3335 postulat,
512 3264 627 3318 inuenies
644 3265 758 3319 Anatolii
774 3280 837 3317 aare
855 3265 1048 3335 aequinoctium
1065 3266 1093 3317 in
1112 3281 1180 3317 auno
1201 3265 1314 3317 bisextili
1330 3281 1391 3317 con·

250 3346 323 3415 lignee
340 3355 401 3403 octo
418 3350 517 3403 uhcitm
534 3350 605 3403 horis
622 3355 683 3403 ente
699 3350 833 3403 meridiem
850 3348 901 3403 diei
913 3368 978 3404 xxm.
994 3350 1152 3420 proindeque
1169 3349 1308 3403 bellissime
1323 3349 1391 3402 hunc

249 3430 319 3499 ipsum
330 3435 401 3489 diam
412 3435 514 3488 civilem
529 3436 693 3505 aequinoctio
708 3436 899 3506 praestitutum.
923 3435 1038 3488 Tametsi
1053 3434 1109 3487 tisri
1123 3438 1209 3504 potest
1222 3440 1252 3488 ut
1266 3436 1390 3505 tropicam
1416 3446 1438 3485 n·
1447 3434 1492 3476 ¹⁹³·

250 3514 306 3570 illam
322 3518 496 3591 cpotpcrmoo
512 3521 615 3591 penitus
630 3520 844 3584 dissimulaverit,
862 3526 892 3573 nt
908 3526 968 3591 post
983 3520 1123 3573 Nicaauum
1140 3520 1277 3573 concilium
1293 3520 1392 3591 aliquot

250 3604 343 3657 merlis
354 3606 502 3675 ignoratum
514 3622 571 3659 esse
583 3612 695 3670 constat,
708 3612 734 3659 et
745 3605 778 3658 ab
789 3607 847 3675 ipso
859 3604 933 3659 Beda
942 3606 1092 3677 praecipua,
1103 3606 1148 3676 qui
1158 3611 1293 3676 propterea
1303 3607 1391 3659 multia

250 3687 317 3740 modis
328 3689 501 3743 hallucinatus
513 3697 561 3746 est.
596 3691 664 3744 Nam
681 3708 713 3744 ax
732 3691 820 3744 eadem
837 3690 975 3761 hypothesi
987 3691 1073 3745 Bcdaa
1088 3692 1190 3745 saeculo
1202 3692 1391 3761 aequinoctium

251 3770 338 3843 lougius
353 3792 448 3830 axrrr.
463 3781 605 3829 recesserat
623 3782 650 3829 et
665 3776 697 3829 ad
715 3794 789 3831 xvrrr.
808 3787 968 3845 perseuerat.
998 3778 1033 3830 Et
1047 3784 1134 3831 mmau
1150 3778 1184 3830 ad
1199 3776 1391 3847 horologiorum

251 3871 446 3931 gnomonumque
464 3860 541 3915 fidam
558 3866 695 3932 prouocat,
712 3868 742 3915 ut
758 3861 951 3931 aequinoctium
967 3862 1088 3917 Nicaanis
1104 3864 1167 3933 ipsis
1184 3862 1330 3916 cardinibus
1347 3862 1391 3914 ad·

251 3944 336 4000 scnhat.

276 4148 415 4206 lNSlGNlS
429 4150 555 4213 ERROR,
569 4150 630 4205 1Μο
644 4150 821 4217 naussum,
835 4152 1019 4207 SCOTORUM
1031 4150 1181 4216 unitus,
1196 4152 1242 4206 nx
1256 4151 1364 4205 FALSA

275 4232 402 4290 RUFFINI
418 4234 732 4291 INTERPRTTATIONE
749 4236 840 4290 NATA
858 4234 1091 4299 DECLARATUR,
1109 4235 1151 4289 ΕΤ
1168 4234 1356 4290 ANATOLIUS

598 4322 621 4374 A
639 4320 813 4375 CALUthIA
829 4320 1029 4375 LIBERATUR.

303 4458 396 4513 Varum
413 4462 443 4511 ut
458 4463 512 4512 tam
525 4458 652 4513 absurdae
667 4458 882 4529 interpretationis
896 4457 1039 4525 arnousque
1050 4456 1148 4511 tentam
1157 4458 1315 4526 aperiamus,
1326 4456 1391 4509 scito

252 4554 292 4594 nou
306 4548 358 4597 tam
371 4560 429 4598 eam
438 4542 524 4597 Badeo
533 4543 645 4597 hominis
654 4544 821 4598 eruditissimi
838 4548 864 4595 at
879 4543 906 4595 iu
922 4558 953 4595 ao
969 4558 1063 4611 genere
1074 4541 1281 4595 exercitatissimi
1289 4541 1390 4611 culpam

253 4638 307 4693 usa,
318 4630 361 4700 qui
369 4630 483 4683 Anatolii
496 4628 595 4683 Cissea
605 4646 659 4683 non
670 4630 779 4694 viderat,
791 4644 869 4698 quam
881 4626 980 4680 Ruitini
991 4628 1135 4698 scriptoris,
1146 4631 1176 4679 ut
1187 4642 1276 4678 omnes
1288 4635 1390 4693 nerunt,

253 4707 401 4781 ineptissimi,
414 4714 459 4783 qui
469 4715 495 4767 in
505 4714 655 4767 mntilaudis
664 4712 884 4785 depravandisqua
893 4717 1008 4765 veterum
1017 4714 1118 4783 scriptis
1128 4711 1215 4783 potius
1226 4726 1304 4781 quum
1314 4713 1392 4767 intar-

254 4799 367 4859 lretaudis
377 4800 467 4853 stilum
479 4814 556 4853 auum
567 4800 691 4853 exercuit
724 4799 773 4851 Hic
788 4799 858 4851 euim
875 4814 909 4850 ex
921 4798 1033 4851 Anatolii
1043 4799 1129 4852 verbis
1145 4797 1269 4850 nonnulla
1279 4800 1408 4863 anmnlit·

255 4892 305 4948 qtae
320 4890 371 4939 tam
384 4882 472 4939 Budua
489 4898 569 4955 quam
580 4884 641 4939 aliis
658 4882 811 4955 quibusdam
827 4882 970 4953 turpissimi
981 4884 1074 4938 erroris
1085 4881 1248 4939 occasionem
1260 4882 1390 4939 dederunt
