3650 5642
1272 659 1402 716 cccxxi

218 845 297 884 uero
325 835 429 883 certum
452 837 492 883 est
514 847 546 883 ex
565 831 597 884 iis
615 829 751 901 Epiphanii
768 829 868 894 uerbis,
890 829 992 883 iunium
1009 831 1036 884 in
1054 831 1255 901 quadragesima
1271 849 1325 885 uon
1343 839 1403 886 ante

224 931 383 985 vesperam
403 922 479 986 atque
498 931 619 968 occasum
639 916 720 968 selem
739 931 755 967 a
772 915 893 968 fidelibus
911 915 1035 969 solutum.
1070 917 1118 969 Gui
1136 925 1338 970 consentaneum
1356 923 1404 978 est,

222 999 308 1069 qued
332 1017 393 1052 cum
412 999 443 1052 de
460 1001 605 1071 synaxibus
622 1017 772 1070 ageremus,
789 1017 823 1053 ex
841 999 1000 1054 Tertulliano
1019 1000 1167 1066 docuimus,
1186 1002 1310 1056 sindones
1327 1003 1361 1055 ob
1380 1002 1404 1054 id

221 1089 404 1137 semiieiunia
420 1085 507 1138 uocari
525 1085 593 1155 quod
612 1085 643 1137 ad
662 1085 751 1139 horam
770 1101 865 1138 nonam
884 1101 968 1155 usque
986 1093 1200 1155 prorogarentur,
1222 1101 1281 1140 cum
1299 1087 1405 1156 majera,

223 1169 393 1239 cujusmodi
406 1169 642 1240 quadragesimalia
652 1171 737 1235 luere,
749 1187 801 1224 non
813 1178 874 1223 ante
884 1171 951 1224 lucis
960 1171 1060 1224 exitum
1073 1171 1228 1226 desinerent.
1252 1175 1285 1225 At
1297 1172 1405 1225 Gouatit.

224 1258 332 1324 hpost.
351 1255 397 1308 lib.
409 1273 433 1308 ν.
456 1269 514 1325 cap.
527 1273 602 1310 ινιιι.
625 1273 696 1309 nona
713 1257 754 1310 uel
772 1273 880 1326 vespere
902 1273 949 1325 pro
972 1256 1098 1325 cujusque
1116 1257 1214 1309 viribus
1232 1257 1303 1310 vesci
1317 1257 1404 1326 Jubet:

220 1338 247 1389 ἐν
260 1339 291 1390 δὲ
305 1341 369 1399 ταῖς
381 1338 478 1400 λοιπαῖς
495 1342 548 1402 ταῖς
560 1339 608 1410 προ
621 1343 662 1407 τῆς
675 1344 828 1412 παρασκευῆς
841 1339 926 1407 ἐνάτην
944 1341 1019 1411 ὥραν,
1035 1342 1051 1406 ἢ
1069 1339 1172 1410 ίσπίραν
1184 1341 1285 1402 ἕκαστος
1298 1339 1404 1410 ἐσθιέτω,

220 1425 239 1489 i,
262 1423 349 1485 ὅπως
372 1420 400 1476 ἄν
415 1441 449 1486 τος
472 1425 578 1478 δίναιτο.
614 1427 767 1480 Ambrosius
786 1425 868 1480 Sem.
885 1445 961 1479 xxrr:
984 1426 1054 1494 Repo
1075 1445 1130 1491 sos,
1147 1431 1250 1495 fratres
1268 1433 1404 1490 centesimi,

222 1521 250 1558 ut
274 1515 307 1560 s'n
340 1515 390 1562 isto
407 1512 516 1578 ispits'mo
535 1521 657 1582 tempore,
680 1517 791 1582 exceptis
809 1514 937 1565 dominico
955 1521 980 1564 et
1002 1511 1107 1564 subbato
1125 1513 1223 1576 ἄνέὸνσ,
1246 1515 1329 1564 nulius
1346 1523 1405 1564 unte

224 1614 333 1647 ποπαπτ
348 1598 481 1664 prandere
494 1607 656 1666 praesumot,
680 1601 731 1649 πίστ’
744 1601 816 1666 ferte
837 1615 907 1668 quem
919 1599 1041 1666 jejunare
1059 1599 1193 1667 infirmitas
1209 1615 1258 1650 ooo
1274 1602 1403 1668 permittit·

229 1679 306 1739 Quia
328 1681 394 1732 aliis
411 1682 497 1733 diebsrs
507 1684 629 1750 jejunare
647 1693 693 1734 cut
707 1685 856 1746 remedium,
875 1691 921 1735 aut
933 1687 1076 1751 proemium
1094 1693 1142 1746 est,
1160 1687 1187 1734 s'a
1204 1686 1402 1751 quadrupesima

222 1782 289 1816 sero
310 1784 365 1817 non
377 1769 499 1835 jejunare
514 1777 649 1836 peccabam
660 1778 704 1822 est.
738 1766 788 1831 Qui
800 1767 904 1837 quidem
917 1784 1002 1820 sermo
1014 1767 1122 1821 totidem
1134 1769 1219 1821 uerbis
1231 1768 1300 1838 apud
1312 1769 1403 1837 Augu·

226 1853 334 1903 stinum
359 1851 467 1921 legitur,
490 1859 581 1922 estque
599 1854 690 1907 Sermo
713 1852 744 1906 de
762 1853 852 1923 Temp.
866 1869 929 1915 τινι.
965 1851 1018 1908 Sed
1041 1853 1073 1906 de
1091 1853 1202 1906 sabbato
1220 1853 1329 1906 verbum
1345 1854 1402 1905 nul-

224 1935 291 1989 lum.
333 1934 387 1991 Sed
404 1935 453 1989 huc
470 1938 555 1991 aulum
572 1947 601 1990 ut
616 1943 728 2008 exceptis
746 1941 879 1991 dominicis
898 1940 985 1990 diebus
1002 1940 1084 1990 nullus
1099 1941 1229 2008 praendere
1245 1949 1402 2007 praesumot.

228 2019 307 2083 Quod
333 2020 405 2074 idem
423 2027 463 2075 est
481 2037 510 2074 οο
528 2024 551 2075 si
569 2029 630 2077 ante
647 2041 743 2078 nonam
761 2024 832 2076 vesei
849 2022 1003 2093 prohiberet.
1041 2023 1108 2087 Quia
1125 2023 1263 2094 prandium
1280 2031 1339 2077 ante
1357 2023 1402 2076 ho-

227 2122 284 2158 ram
309 2112 420 2159 sextam
441 2108 600 2177 capiebatur.
635 2109 699 2162 Vide
717 2112 827 2178 August„
844 2108 926 2179 Epist.
950 2127 1057 2162 τιιινι.
1092 2111 1131 2162 Ita
1148 2109 1290 2162 Cassianus
1309 2110 1401 2163 Gellat.

228 2208 285 2244 ιιι.
305 2207 368 2260 cap.
381 2209 457 2246 xxrrr.
483 2195 524 2246 rel
541 2193 662 2247 Theonas
688 2196 758 2265 apud
774 2195 848 2246 illum
866 2194 1001 2258 admonet,
1025 2199 1053 2246 ut
1075 2195 1102 2246 in
1120 2194 1211 2247 diebus
1229 2195 1303 2248 iestis
1323 2197 1401 2260 cibus,

231 2280 274 2342 qui
290 2277 363 2328 hora
381 2279 434 2329 diei
451 2295 517 2330 nona
527 2283 621 2346 suerat
638 2283 792 2348 capiendae,
806 2282 888 2349 paulo
905 2283 988 2342 cimus,
1006 2281 1035 2331 id
1046 2289 1165 2333 eatscxtu
1183 2281 1248 2332 hora
1261 2297 1312 2349 pro
1323 2284 1399 2348 festi-

231 2365 323 2411 vitatis
347 2373 457 2432 tempore
479 2368 608 2433 cupiatur.
648 2367 682 2417 At
704 2365 796 2434 priscis
815 2365 975 2434 temporibus
998 2381 1050 2417 uon
1073 2370 1133 2417 aute
1156 2381 1292 2434 vesperam
1313 2365 1399 2418 cibum

235 2459 328 2515 capere
347 2454 551 2514 consueverant,
573 2449 599 2501 id
621 2450 689 2520 quod
712 2449 818 2519 insuper
834 2449 971 2519 Theophili
990 2448 1160 2502 Alexandrini
1182 2450 1253 2502 loeus
1275 2450 1319 2502 ille
1337 2463 1397 2502 eon·

231 2528 331 2596 firmat,
357 2547 435 2602 quem
448 2549 527 2604 supra
538 2533 716 2589 discussimus.
742 2535 915 2605 Posteaquam
932 2551 994 2588 rere
1007 2534 1039 2587 ad
1055 2533 1146 2588 horam
1164 2550 1261 2587 nonam
1278 2533 1400 2603 uescendi
1413 2544 1485 2595 ntea.

233 2620 336 2685 tempus
356 2632 372 2669 a
384 2633 494 2689 vespera
509 2621 666 2674 translatum
683 2627 736 2685 est,
753 2627 808 2673 tum
821 2621 953 2672 sublatum
966 2620 1033 2672 illud
1044 2620 1182 2673 discrimen
1195 2621 1312 2684 arbitror,
1330 2619 1398 2690 qnod

236 2697 367 2755 hactenus
388 2704 457 2757 inter
477 2705 603 2758 stationes
626 2711 653 2758 et
671 2705 773 2776 jejunia
793 2705 875 2758 fuisse
896 2705 1018 2758 vidimus.
1052 2705 1165 2776 indeque
1187 2712 1228 2759 est
1252 2705 1321 2776 quod
1338 2707 1398 2759 Am·

236 2784 338 2841 brosius
357 2787 441 2842 Serm.
454 2807 546 2845 xxxvr.
559 2791 662 2862 jejunia
678 2793 891 2861 quadrupesimae
907 2795 1030 2844 sindones
1047 2792 1172 2861 appellari
1189 2791 1264 2844 dixit

297 2868 346 2924 Ἐν
365 2890 414 2924 τισι
425 2873 451 2926 δὲ
463 2877 547 2936 τόποις
565 2879 606 2943 τῆς
619 2877 679 2946 μετὰ
691 2875 734 2943 τὴν
745 2875 878 2946 πέμπτην]
899 2873 1095 2945 ’λπονηστισμίις
1113 2883 1153 2930 eat
1159 2878 1254 2945 jejunii
1264 2877 1361 2942 solutio,
1373 2886 1399 2930 et

235 2953 566 3029 Ιἀτονιρστίζεσθαιρἐρίιιιίιιιο
583 2965 688 3016 solvere.
711 2961 765 3015 Nec
783 2963 858 3015 aliter
874 2962 901 3014 in
915 2961 1015 3016 Graeco
1028 2963 1161 3032 Hippolyti
1173 2961 1278 3016 Ganone
1289 2961 1397 3015 verbum

236 3039 294 3093 illud
311 3044 454 3114 accipitur,
472 3062 531 3099 cum
550 3047 598 3099 ait:
617 3043 818 3113 ἆπονηστίζεσθαι
836 3045 862 3098 δὲ
880 3045 917 3098 δεῖ
934 3040 964 3098 οὗ
982 3048 1010 3098 ἂν
1028 3045 1120 3116 ίμπίση
1139 3048 1248 3116 κυριακή.
1284 3047 1398 3100 Tametsi

236 3123 349 3197 Scaliger
366 3131 393 3182 in
406 3129 480 3183 Notis
497 3131 529 3184 ad
547 3133 621 3185 iilum
634 3131 767 3186 (lenonem
785 3129 986 3197 ἆπονηστίζεσίίαι
1003 3138 1078 3200 putat
1100 3149 1157 3186 esse
1176 3136 1318 3201 transferre
1328 3134 1397 3200 jeju·

238 3215 306 3267 eiua.
341 3213 419 3278 Quod
436 3217 543 3272 minime
565 3218 687 3288 procedit
721 3217 836 3287 Tempus
863 3233 926 3270 sero
949 3215 1107 3268 dissolvendi
1125 3217 1232 3286 ieiunii,
1255 3217 1310 3269 aire
1332 3217 1396 3269 hors

237 3300 275 3346 τοῦ
300 3296 485 3372 ἇπονηστισμοῦ
502 3304 640 3374 multiplex
665 3303 722 3357 fuit.
757 3302 867 3356 Gonatit.
893 3300 975 3354 (ilem.
1002 3301 1046 3353 lib.
1065 3319 1089 3354 ν.
1116 3317 1171 3370 cap.
1192 3319 1258 3355 ινιτ
1303 3301 1347 3370 Τῷ
1370 3300 1396 3352 δὲ

240 3380 350 3454 viiito.»
373 3385 458 3457 μέχρις
479 3387 689 3458 ἀλεκτοροφωνίας
718 3386 899 3457 παρατείνοντες
926 3384 1112 3450 ἆπονηστίζεσίίε
1133 3383 1318 3456 ἐπιρωσκοιίοης
1341 3388 1396 3455 μιᾶς

239 3469 281 3515 τῶν
298 3468 443 3539 σαββάτων,
465 3472 516 3538 ἥτις
534 3469 585 3525 ἔστί
603 3472 704 3543 κνριακὴ
722 3471 770 3524 ἄπο
794 3469 895 3543 ἑσπέρας
918 3470 964 3532 ἕως
982 3467 1192 3542 ἀλεκτοροφωνίας
1210 3469 1394 3540 ἀγρυπνοῦντες,

240 3549 274 3601 ui
289 3551 327 3606 lul
338 3555 368 3607 rb
381 3554 440 3608 uiuu'o
453 3551 506 3628 ἐνῇ
523 3557 641 3628 ἐκκλησίᾳ
658 3557 872 3629 συναθροιζόμεναι
888 3559 1039 3628 γρηγορεῖτε.
1073 3556 1154 3610 Jubst
1170 3557 1395 3627 quadragesimale

238 3633 359 3702 jejunium
377 3642 444 3696 solui
462 3643 494 3695 ad
512 3643 687 3713 gallicinium,
705 3651 735 3697 nt
752 3649 778 3696 et
795 3643 924 3714 superiori
937 3644 1028 3714 capite.
1050 3641 1191 3712 Dionysius
1204 3642 1395 3696 Alexandrinus

241 3721 267 3772 td
283 3723 425 3792 Basiliden,
443 3727 608 3800 reprehendit
625 3745 670 3781 eos
688 3729 733 3798 qui
751 3729 829 3798 paulo
848 3735 909 3781 ante
928 3728 1040 3781 mediam
1057 3735 1161 3782 noctem
1178 3736 1239 3799 post
1255 3729 1394 3783 sabbatum

240 3802 357 3874 jejunium
375 3811 533 3880 dissolvunt,
562 3811 595 3873 ὡς
614 3809 750 3882 ὀλιγώρους
777 3813 817 3863 καὶ
839 3809 958 3883 ἀκρατεῖς.
992 3813 1043 3867 lios
1061 3821 1148 3868 eutem
1166 3813 1332 3868 commendat
1348 3818 1393 3884 qui

243 3905 313 3961 usque
335 3897 368 3953 ad
390 3905 509 3969 quartam
527 3899 671 3952 custodiam
689 3899 832 3962 sustinent,
854 3914 903 3952 nec
921 3915 966 3952 eos
984 3901 1075 3969 magni
1092 3900 1225 3953 iaciendos
1243 3901 1280 3952 ait
1297 3900 1342 3970 qui
1360 3915 1393 3952 ex

243 3973 284 4029 illia
304 3982 409 4054 majoris
432 3982 610 4037 hebdomadae
631 4001 679 4037 sex
703 3983 807 4047 diebus,
830 3983 959 4053 prioribus
982 3992 1093 4054 quatuor
1115 3985 1171 4036 sine
1190 3985 1290 4054 jejunio
1309 3992 1392 4037 trans·

243 4063 308 4128 setis,
325 4083 486 4138 parasceuen
504 4076 530 4122 et
546 4069 685 4122 sabbatum
702 4069 759 4122 sine
776 4067 832 4121 ullo
851 4069 909 4121 cibo
928 4069 1077 4133 traducunt,
1096 4069 1165 4138 quod
1183 4068 1330 4138 ὑπερτιθέναι
1347 4086 1393 4122 no-

245 4146 321 4203 minat
356 4151 417 4206 Fuit
437 4155 507 4207 enim
524 4152 574 4208 hoc
591 4155 722 4208 veteribus
740 4153 895 4207 Christiania
917 4153 1056 4216 familiare,
1083 4153 1188 4207 biduum
1210 4154 1275 4207 illud
1292 4155 1392 4222 absque

246 4230 294 4283 ribo
310 4253 486 4305 perseverare,
504 4245 531 4293 et
547 4241 575 4292 in
592 4241 703 4294 ecclesia
719 4240 840 4309 precibus
858 4255 889 4292 ae
906 4239 1003 4308 vigiliis
1016 4239 1142 4292 insistere.
1178 4239 1259 4292 Sexta
1270 4237 1391 4307 Synodus

244 4309 522 4378 inTmnocffl,101‚;
545 4320 587 4384 τὰς
609 4330 653 4376 τοῦ
670 4323 793 4393 σωτηρίου
816 4322 907 4384 πάθους
929 4322 1019 4393 ἡμέρας
1043 4320 1067 4373 ἐν
1089 4323 1186 4394 νηστείᾳ
1203 4323 1243 4375 καλ
1261 4323 1390 4394 προςτυχῇ,

247 4397 277 4449 ul
288 4407 407 4468 καττνίξει
420 4407 520 4477 καρδίας
532 4405 702 4469 ἐπιτελοῦντας
711 4407 819 4478 χρὴτοίις
831 4409 931 4468 πιστοίις
944 4407 998 4477 περί
1010 4407 1085 4477 ρίσας
1098 4413 1139 4474 τῆς
1152 4407 1205 4478 περί
1217 4409 1245 4460 eh
1258 4404 1391 4478 ρίγασάβ-

247 4477 306 4545 iver
321 4491 406 4552 νυκτὸς
425 4491 490 4563 ὧρας
508 4491 718 4559 ἀπονηστίζεσθαι,
750 4493 789 4547 Διί
807 4510 873 4565 qnae
892 4493 1013 4545 Balsamo
1031 4492 1143 4558 dubitat,
1161 4509 1194 4546 su
1212 4493 1276 4546 illud
1293 4493 1390 4562 praeci-

249 4567 327 4638 piatur,
343 4577 472 4643 triduum,
491 4577 561 4649 quod
578 4585 619 4632 est
636 4577 697 4649 μετὰ
713 4577 757 4646 τὴν
774 4576 890 4650 τετράδα,
907 4575 1030 4647 quodque
1047 4579 1163 4648 passioni
1174 4578 1311 4648 praecipue
1322 4575 1390 4631 dice·

248 4654 291 4707 *lm
309 4668 358 4727 ast,
382 4662 498 4734 adusque
520 4663 633 4717 mediam
655 4670 759 4727 noctem
783 4669 844 4717 ante
865 4663 1023 4716 dominicam
1043 4663 1192 4734 paschalem
1210 4662 1315 4733 jejunes
1332 4679 1390 4734 per-

251 4736 333 4812 itiore,
354 4763 388 4802 an
411 4747 443 4801 de
463 4763 516 4802 nne
539 4749 668 4802 duntaxat
690 4749 801 4803 sabbato
823 4755 958 4812 caveatur,
981 4749 1008 4802 tu
1032 4765 1083 4820 quo
1105 4747 1212 4818 rigidim
1229 4764 1260 4802 ac
1276 4751 1390 4803 sensnm

251 4833 293 4878 Μ
304 4831 394 4903 jeiunii
411 4834 548 4904 disciplina
565 4833 664 4889 debeat.

287 4908 326 4966 'lii
342 4935 389 4970 τισι
406 4918 433 4971 δὲ
451 4920 534 4979 τόποις
551 4917 653 4990 λατρεία
670 4923 711 4987 τῆς
731 4917 890 4990 οἰκονομίας]
908 4919 1026 4992 Λατρείαν
1043 4923 1085 4986 τῆς
1103 4915 1255 4992 οἰκονομίας,
1278 4924 1389 4975 divinum

309 5019 368 5072 corp.
380 5021 507 5066 Ηυοιονοοί.
517 5025 554 5064 111.
1161 5006 1188 5060 X

845 5208 1012 5274 Δ.
