3650 5642
407 605 507 664 ⁰ch

307 773 381 824 pets
407 761 541 826 vloisrint,
559 759 648 814 eedem
665 773 719 828 qns
734 758 831 828 tigoni
847 773 933 829 poene
949 757 1124 812 coircesntur.
1154 758 1267 828 ippsret
1282 757 1369 828 igitur
1381 755 1493 826 dlgsnm
1503 755 1556 808 oiim
1620 785 1623 824 2

407 846 665 917 ignomininnotstos
676 843 746 896 eted
760 844 892 914 publicem
906 843 1105 913 poenitentium,
1122 842 1169 896 ssd
1184 859 1242 896 eum
1259 843 1418 913 perbrevem
1435 857 1463 894 ιι
1476 841 1558 894 tulere·
1620 873 1623 908 ,

407 933 537 994 biliorem,
553 929 688 984 rdstnctos
704 929 794 983 inisse.
823 927 879 982 lem
894 943 974 999 eupre
985 927 1097 981 vidimus
1109 943 1188 998 quem
1200 943 1291 982 severe
1302 927 1415 981 concilii
1426 923 1561 979 Eliberltrni
1620 957 1623 994 q

407 1017 508 1070 senode
519 1015 609 1079 luerit,
626 1030 687 1068 cum
702 1016 731 1068 in
748 1014 879 1084 praesenti
895 1013 1028 1084 ncnircgii
1039 1013 1182 1084 mortisque
1192 1013 1308 1085 periculo
1319 1029 1339 1066 s
1351 1027 1517 1083 quormque
1526 1011 1563 1061 be·
1620 1039 1623 1082 Ι

406 1103 498 1172 ptirsri
506 1099 638 1171 permittit,
649 1099 761 1170 digamis
770 1100 898 1152 duntaxat
906 1099 1030 1170 exceptis.
1048 1099 1100 1152 Sed
1109 1097 1277 1152 nihilominus
1288 1097 1472 1152 ineoolesiem
1481 1095 1565 1164 recepti

408 1193 470 1240 sunt
479 1186 590 1255 digumi,
605 1190 632 1238 et
643 1185 688 1256 qni
699 1201 758 1238 cum
770 1185 803 1239 iis
814 1184 1006 1238 communicare
1017 1184 1116 1238 nollent
1128 1199 1174 1254 pro
1185 1182 1322 1237 haereticis
1335 1182 1435 1237 habiri
1457 1181 1519 1234 ilinc
1528 1178 1567 1232 lii-

407 1287 518 1324 csennm
528 1269 593 1326 Gen.
603 1288 658 1324 erm
674 1287 733 1324 cnm
744 1269 896 1323 Novatiunis
912 1267 1048 1323 haereticis
1065 1269 1235 1339 professionis
1251 1268 1401 1322 formulam
1418 1265 1568 1338 pnombit
1622 1273 1623 1276 ’

407 1355 551 1409 secundnm
562 1371 642 1426 quem
652 1362 771 1426 receptus
782 1355 833 1408 illis
844 1354 877 1407 od
888 1353 1024 1408 ecclesium
1035 1359 1130 1424 petoet
1154 1353 1206 1424 Πρὶν
1224 1350 1321 1406 πάντων
1335 1352 1366 1406 δὲ
1378 1355 1473 1420 τοῦτο,
1486 1351 1569 1420 inquit

408 1438 566 1511 ὁμολογήσω
577 1439 666 1502 αὐτοὺς
677 1438 806 1511 ἐγγράφως
823 1440 947 1512 προςήκει,
964 1437 1001 1490 ὅτι
1018 1439 1177 1505 σωθήσονται
1192 1439 1233 1490 cul
1250 1435 1456 1504 ἀκολουθήσουσι
1472 1437 1520 1494 τοῖς
1533 1437 1570 1498 τῆς

408 1524 537 1592 καθολικῆς
546 1527 586 1578 cui
594 1524 757 1593 ἀποστολικῆς
766 1523 895 1591 ἐκκλησίας
904 1525 1020 1595 δόγμασι,
1032 1523 1141 1576 τουτέστι
1151 1523 1190 1575 col
1200 1524 1311 1594 διγάμοις
1322 1525 1466 1590 κοινωνεῖν,
1478 1521 1570 1577 καὶτοῖς

407 1609 480 1682 ἐντῷ
493 1612 597 1682 διωγμῷ
609 1612 842 1681 παραπεπτωκόσινε
872 1612 940 1662 Ante
951 1613 1035 1662 omnio
1046 1613 1143 1678 scripto
1150 1611 1268 1678 profiteri
1278 1611 1338 1662 illos
1349 1617 1465 1680 oportet,
1481 1622 1571 1659 meses·

406 1714 481 1748 suros
495 1715 522 1749 ee
539 1707 613 1766 atquc
627 1699 787 1766 omplecoros
802 1695 946 1748 catholicoe
960 1705 984 1748 ei
999 1697 1155 1764 apostolicos
1167 1696 1289 1747 ecciesiae
1301 1697 1449 1763 dopnoto,
1466 1695 1570 1744 ιιιίιίιιιιι

407 1791 436 1833 ut
446 1799 501 1834 cese
513 1784 624 1851 dequeo
634 1787 813 1835 communicent
830 1785 922 1851 iisque,
940 1785 982 1850 qui
997 1783 1025 1832 ιἰι
1036 1783 1210 1850 persecutione
1222 1781 1293 1850 lapsi
1301 1789 1368 1833 ιιιιιι.
1405 1777 1464 1832 Sed
1475 1775 1570 1847 quinon

407 1866 506 1936 digami
517 1867 555 1920 ilii
566 1866 813 1937 iueriutqnseritur.
842 1865 910 1919 Nem
922 1865 1120 1918 iurisconsultus
1138 1864 1257 1935 quidem,
1275 1865 1320 1934 qui
1336 1865 1365 1918 in
1385 1878 1524 1918 monum
1538 1875 1571 1911 ιι-

408 1951 503 2006 clesise
514 1951 629 2006 codicem
640 1956 717 2004 notes
729 1951 820 2016 edidit,
835 1951 915 2020 vulgo
930 1950 984 2004 iere
1000 1951 1119 2020 ignotum
1131 1966 1189 2004 esso
1200 1951 1270 2004 dicit
1298 1950 1358 2020 lpse
1371 1957 1470 2003 entem
1481 1953 1532 2000 tres
1541 1943 1572 1996 di·

408 2037 512 2107 gemine
527 2037 627 2107 species
644 2037 766 2107 explicet.
795 2035 882 2089 Primo
892 2041 934 2088 est
944 2051 1004 2088 oum
1016 2035 1108 2090 eodem
1118 2041 1232 2107 tempore
1244 2035 1319 2088 binus
1330 2051 1438 2089 uxores
1450 2031 1572 2104 quispim

407 2121 497 2187 hebo,
514 2121 584 2192 quod
601 2123 663 2176 oiim
679 2121 782 2176 ludaeis
799 2122 910 2186 licitum,
927 2121 1051 2174 Romanis
1062 2121 1164 2190 legibue
1176 2121 1333 2192 prohibitum
1344 2121 1409 2174 init.
1440 2119 1572 2173 Alones

407 2223 466 2260 cnm
483 2208 542 2278 quis
559 2214 642 2262 morte
658 2208 751 2278 prioris
768 2207 888 2276 coniugis
902 2207 988 2260 soluto
999 2207 1165 2260 matrimonio
1177 2205 1303 2259 secundus
1314 2206 1426 2276 nuptias
1439 2200 1570 2258 contrudit.

407 2292 507 2358 Tertio,
523 2309 602 2364 quern
613 2294 693 2363 uulgo
708 2294 828 2363 ignotam
843 2307 900 2345 esse
911 2292 1015 2356 sisinii,
1032 2298 1073 2346 est
1089 2307 1149 2346 cum
1166 2297 1242 2345 extro
1256 2307 1379 2345 mnessm
1395 2289 1524 2344 adulterii
1538 2301 1571 2337 re·

406 2377 514 2448 pudicis
524 2380 635 2449 coniuge
650 2380 732 2432 ultore
747 2377 963 2449 superinducitur.
992 2376 1058 2430 Cum
1075 2378 1145 2430 eninr
1157 2379 1242 2430 verim
1259 2376 1362 2430 divortii
1379 2389 1499 2430 ommes
1514 2372 1570 2425 etin

408 2464 561 2518 adulterium
572 2465 670 2520 ssecull
681 2465 783 2534 legibue
795 2465 857 2516 olim
868 2467 987 2534 receptae
998 2461 1105 2528 inerint,
1117 2479 1250 2532 nunquam
1262 2463 1374 2516 ecclesie
1384 2462 1451 2516 illes
1464 2457 1571 2513 admisit

407 2549 534 2614 Quocircs
549 2550 595 2620 qni
611 2551 670 2604 eliis
687 2549 719 2602 de
735 2550 833 2602 auseis
851 2563 931 2619 quem
947 2553 1051 2618 proptor
1066 2547 1220 2602 adulterium
1232 2547 1441 2601 nxoredimissa
1453 2542 1569 2600 condis

407 2636 560 2705 coniugium
576 2636 698 2700 eooieret,
715 2633 769 2697 hic,
787 2635 825 2686 sit
842 2633 1041 2688 iurisconsultus
1057 2633 1113 2698 illo,
1131 2632 1252 2703 digamus
1269 2633 1429 2686 censebatur
1445 2633 1570 2700 eiqncee

407 2721 503 2773 nonies
518 2720 563 2772 ills
579 2721 689 2784 melote,
707 2719 781 2771 cuins
797 2717 990 2774 Nemausensi
1006 2717 1111 2773 Leodic.
1124 2719 1309 2782 meminerunt,
1325 2719 1507 2788 irrognbstnr.
1534 2711 1569 2764 Ε)

407 2820 460 2874 que
470 2805 587 2857 oratione
602 2805 719 2874 sequitur
735 2803 857 2872 digmus
873 2804 945 2868 iilos,
964 2805 1008 2873 qui
1024 2808 1127 2857 mortue
1143 2804 1254 2874 coniuge
1271 2801 1346 2856 elteri
1362 2819 1393 2857 se
1410 2803 1568 2874 copnlsrsnt

406 2889 519 2942 mulctes
527 2887 604 2941 huius
612 2894 732 2959 expertes
741 2888 830 2941 lonso.
848 2887 900 2941 Sed
909 2887 972 2942 lineo
982 2887 1111 2958 digamiae
1121 2903 1217 2958 genere
1228 2890 1278 2942 trie
1288 2905 1373 2959 neque
1384 2889 1484 2958 ignote
1494 2883 1568 2951 uulgo

407 2979 492 3038 erent,
508 2989 593 3043 neque
608 2973 641 3027 ed
655 2990 710 3027 rem
722 2973 863 3044 pertinent,
878 2978 1031 3042 constetque
1043 2974 1076 3027 ed
1087 2979 1231 3044 postremos
1242 2975 1301 3028 iilos
1313 2973 1435 3044 digemos
1447 2980 1503 3027 tres
1513 2969 1566 3024 illos
1622 2971 1623 2980 ’

406 3057 514 3112 totidem
529 3059 699 3114 conciliorum
715 3060 808 3113 citetos
825 3075 938 3112 oenones
955 3059 1090 3129 pertinere.
1119 3057 1185 3113 Nem
1196 3059 1371 3114 Lnodicennm
1382 3060 1508 3130 digernos
1519 3069 1567 3114 σοι,

407 3145 439 3197 de
456 3145 551 3214 quibus
568 3145 692 3217 loquitur,
709 3145 823 3217 appellet
838 3142 968 3215 ἐλευθέρως
984 3144 1024 3196 ecl
1039 3144 1148 3215 νομίμως
1166 3143 1327 3214 συναφθέντος
1339 3145 1461 3215 δευτέροις
1474 3140 1564 3214 τέμοις,

408 3232 517 3299 ἐιρέιὶιοε
528 3249 561 3283 oc
573 3233 651 3285 litere
661 3234 778 3284 recondis
789 3234 884 3301 nuptiis
894 3232 1019 3299 illipotoe,
1036 3228 1084 3282 hoc
1100 3235 1152 3294 esi,
1168 3231 1213 3300 qui
1229 3231 1334 3284 licentio
1345 3236 1372 3283 et
1382 3229 1511 3284 laenitate
1520 3223 1565 3278 sibl

408 3331 424 3369 s
435 3315 537 3370 Glrristo
548 3323 575 3370 et
585 3319 695 3372 ecclesie
705 3332 830 3370 concesse
841 3317 882 3368 nsi
892 3316 979 3369 forent
994 3315 1089 3384 quique
1100 3315 1127 3367 id
1138 3315 1254 3386 legitimo
1265 3315 1395 3372 fecissent
1429 3315 1458 3369 ln
1471 3329 1524 3385 qno
1535 3311 1564 3363 ri·

407 3402 494 3456 diculs
504 3410 545 3456 est
554 3403 730 3456 iurisconsulti
741 3402 882 3472 expositio,
898 3399 1007 3470 νομίμως
1023 3399 1091 3452 idem
1106 3416 1164 3453 esse
1179 3404 1353 3454 uerecundum
1366 3401 1563 3470 Ispelouniene

408 3490 545 3541 licentiose.
568 3487 658 3558 Neque
669 3488 739 3540 enim
749 3487 940 3540 ecclesiasticus
950 3486 994 3538 ille
1006 3491 1110 3554 petrum
1120 3502 1258 3540 concessus
1270 3486 1379 3556 νομίμως
1390 3487 1453 3540 iniri
1463 3483 1563 3554 nuptiis

407 3571 465 3624 illes
476 3573 599 3636 ediceret,
610 3589 674 3642 ques
685 3573 756 3624 nulio
767 3570 845 3623 modo
856 3571 940 3623 liciter
952 3585 1036 3640 nequo
1047 3575 1116 3624 retes
1128 3587 1185 3624 esso
1197 3577 1374 3642 cognosceret.
1406 3571 1509 3626 Etenim
1522 3565 1561 3636 qni

407 3655 471 3708 cios
482 3656 636 3710 adulterium
648 3657 713 3709 elius
724 3656 759 3709 ob
769 3669 889 3719 consess,
905 3661 1010 3726 propter
1026 3671 1091 3726 ques
1109 3655 1246 3710 divortium
1258 3657 1344 3710 iecere
1354 3657 1519 3728 imperaretis
1531 3653 1562 3705 Ιι·

327 3789 335 3798 ,
407 3741 536 3810 giberius
547 3745 595 3806 cst,
607 3756 717 3794 nxorsru
728 3740 855 3794 dimiseri
865 3741 995 3810 eliamque
1004 3740 1114 3806 duxerit,
1126 3742 1153 3794 in
1165 3742 1256 3796 sedem
1267 3758 1326 3796 cum
1338 3743 1462 3796 sdulteris
1474 3745 1561 3796 ceum

407 3825 532 3879 ecclesiae
542 3825 638 3879 iudicio
649 3825 804 3894 decretoque
815 3830 942 3890 versetur,
958 3841 1043 3896 nequo
1054 3831 1100 3879 ent
1109 3827 1160 3880 leri
1170 3828 1328 3898 poenitentis
1339 3827 1448 3898 deformi
1458 3829 1560 3898 poene

407 3916 453 3963 sut
463 3911 538 3964 eiiter
549 3926 627 3980 quum
639 3910 738 3963 dissuto
750 3911 891 3981 posteriore
906 3910 1048 3980 illicitoque
1064 3913 1231 3966 contubernio
1247 3913 1318 3966 illem
1330 3914 1415 3983 ipsum
1425 3914 1561 3984 impsum

406 3996 601 4066 poenitentium.
626 3995 848 4060 Quemsdmodnm
860 3996 979 4062 dorotee,
991 3995 1040 4050 hoo
1051 4003 1092 4050 est
1102 4013 1168 4067 quse
1180 4013 1208 4051 se
1220 3998 1268 4052 deo
1279 4005 1505 4064 consecraverunt,
1514 3995 1559 4050 rir-

407 4081 481 4152 gines
494 4086 540 4133 tut
551 4081 652 4147 viduae,
663 4087 687 4135 ei
696 4086 814 4135 moritum
826 4085 990 4151 accepissent,
1002 4101 1051 4134 ooo
1062 4083 1260 4136 admittebantur
1270 4086 1307 4136 acl
1312 4089 1504 4154 poeniteutiam,
1514 4085 1560 4134 eie

408 4167 492 4220 actor
502 4170 560 4236 ι’ριο
569 4171 665 4221 oicsote
677 4173 769 4221 morito
789 4175 859 4220 curte
874 4170 959 4218 vicere
972 4173 1121 4237 coepissent,
1137 4176 1184 4220 out
1194 4178 1328 4240 postquam
1344 4173 1400 4239 ipsc
1412 4171 1558 4226 doemunt

407 4254 445 4305 sit
458 4252 612 4306 Toletsnum
625 4269 642 4307 ι.
660 4253 723 4307 Gen.
733 4271 785 4309 xer.
798 4258 825 4306 et
835 4269 890 4317 ιιι,
919 4253 1000 4322 Atqui
1016 4252 1135 4322 digamos
1152 4253 1216 4307 istos
1234 4253 1409 4308 leodicenum
1426 4255 1558 4307 concilium

406 4337 479 4390 brevi
488 4343 605 4408 tempore
614 4338 799 4407 poenitentium
811 4337 883 4392 obire
893 4337 993 4401 statuit,
1004 4335 1146 4392 Nicsenum
1155 4353 1215 4392 vero
1227 4338 1390 4405 Norstiunis,
1401 4346 1431 4392 ut
1440 4355 1502 4394 cum
1512 4337 1556 4392 iilis

323 4459 329 4472 .
374 4461 381 4474 .
405 4423 561 4476 nominatim
572 4424 805 4477 communicetnros
817 4439 846 4478 ee
858 4439 916 4476 esse
927 4421 1104 4492 proiitesntnr,
1121 4424 1205 4476 edicit.
1234 4423 1307 4488 Quod
1324 4425 1439 4495 proiecto
1456 4441 1508 4478 non
1524 4424 1556 4476 ie·

406 4514 484 4575 ceret,
495 4508 518 4562 si
529 4508 693 4577 &gomorum
704 4510 809 4562 nomine
820 4507 967 4578 flagitiosos
977 4507 1037 4560 ilios
1048 4523 1078 4560 ec
1090 4509 1184 4562 iudicio
1195 4509 1320 4562 ecclesiae
1331 4508 1450 4562 eduliorii
1457 4509 1556 4563 dumne·

406 4595 633 4650 tosmteiiexiesot.
651 4593 925 4664 Prseterse,utqnem
935 4593 1555 4666 obsurdesitrc.sententieorldentinseppsreet,

406 4678 467 4732 siin
477 4680 522 4733 ilio
531 4678 638 4734 Niceeni
646 4678 749 4731 concilii
757 4695 856 4733 cenom
865 4679 963 4749 digami
973 4684 1043 4744 sunt,
1055 4679 1100 4748 qni
1109 4686 1199 4733 contre
1207 4681 1395 4738 ecclesiastices
1407 4681 1554 4742 sanctiones,

405 4763 455 4817 hoc
465 4769 513 4829 set,
524 4771 554 4819 ut
564 4766 620 4835 ipse
631 4779 691 4818 cnm
698 4762 857 4817 Geirlnisnis
865 4763 1007 4829 existimet,
1018 4764 1083 4818 oiire
1094 4779 1212 4818 oensem
1221 4765 1341 4821 sdnltedi
1352 4765 1385 4818 ob
1397 4781 1442 4819 sss
1453 4779 1553 4819 οισιιιι

406 4846 544 4918 dequibus
555 4847 695 4903 dirorum
706 4849 804 4902 muli
818 4849 890 4918 leges
906 4848 1044 4919 indulgent
1059 4849 1193 4920 repudiate
1208 4851 1294 4922 priore
1308 4849 1418 4906 nitorem
1433 4851 1486 4906 riui
1499 4867 1553 4904 cor·
