3650 5642
1306 627 1399 688 xxlx

255 781 396 853 prmeipsta
405 781 497 836 luisse
518 781 578 836 Non
588 781 690 836 inficior
700 780 769 836 idem
779 785 806 834 et
816 781 946 853 plerisque
956 779 1004 836 PP.
1016 781 1108 848 videri,
1124 787 1150 836 et
1161 783 1287 854 imprimis
1299 783 1398 840 lustiuo

255 867 391 937 inlhalogo
412 883 475 922 cum
494 865 645 938 Tryphone,
666 867 698 922 de
712 867 846 940 gerundis
865 867 1055 938 alligandisque
1074 868 1228 924 frontalibus
1247 869 1398 924 mandatum

255 952 341 1006 ludaeis
351 953 458 1007 editum
481 953 535 1008 Sed
545 970 579 1007 ex
590 954 658 1023 legis
668 952 718 1007 hoc
728 953 815 1007 serbis
825 959 913 1024 aperte
922 953 1010 1024 colligi
1017 970 1101 1024 posse,
1113 955 1183 1025 quod
1191 961 1265 1026 putat
1274 955 1398 1026 Scaliger,

254 1035 361 1092 hocsem
369 1055 495 1110 pemsgo.
517 1038 551 1092 Et
560 1040 644 1093 multe
659 1037 724 1092 mihi
738 1039 896 1109 probabilior
905 1039 1057 1108 Hieronymi
1072 1041 1201 1094 sententia
1210 1041 1322 1105 uidetur,
1339 1057 1398 1096 cum

254 1124 579 1193 nequudmslndneomn
590 1124 749 1179 consuetudo
761 1142 814 1179 non
825 1126 910 1179 maius
919 1123 968 1178 hac
980 1125 1006 1178 in
1018 1131 1090 1196 parte
1101 1125 1288 1197 praeiudicium
1299 1125 1398 1192 afferat,

254 1225 322 1278 qaam
330 1212 448 1265 mxeeuti
464 1211 510 1264 alii
519 1211 585 1264 ritus
596 1227 627 1264 ae
639 1210 792 1280 δεοπρώσικς
808 1211 1013 1282 nugacissimas,
1034 1227 1099 1282 quos
1110 1212 1163 1266 iam
1179 1216 1235 1266 tum
1248 1211 1343 1266 Christi
1354 1212 1399 1266 do·

254 1295 311 1347 mini
322 1300 437 1367 tempore
453 1297 572 1367 exlegis
590 1297 677 1350 verbis
692 1313 747 1350 uon
762 1297 850 1350 miuus
866 1297 959 1351 stolide
977 1313 1056 1367 quam
1072 1297 1238 1368 pertinaciter
1253 1297 1397 1354 eliciebant

252 1378 285 1431 lle
294 1381 397 1436 hnubriis
413 1383 489 1436 aliter
506 1382 679 1436 medendum.
701 1382 805 1436 Etenim
815 1382 893 1436 Num.
904 1401 953 1448 xv,
973 1381 1015 1439 38.
1028 1383 1159 1454 conceptis
1176 1383 1262 1438 verbis
1278 1383 1398 1437 iubentur

247 1467 351 1533 fiehn'ue
358 1486 408 1538 per
414 1470 556 1538 palliorum
567 1469 674 1538 capnios
684 1468 790 1532 habere,
805 1468 949 1539 iisdemque
966 1472 1044 1522 vittae
1055 1468 1236 1536 hyacinthinae
1248 1469 1396 1539 adiungere.

251 1549 366 1606 maen
376 1553 503 1608 soemo
512 1554 600 1608 usse
616 1558 735 1619 senen,
746 1571 800 1608 m
811 1551 945 1624 spamae.
978 1553 1063 1608 vittas
1077 1559 1165 1607 suom
1175 1553 1219 1608 nra
1235 1525 1337 1624 bene,
1354 1555 1399 1608 sss

252 1635 346 1706 alisque
360 1645 464 1694 rocmt
492 1640 532 1695 De
547 1640 706 1711 quibuanon
726 1640 812 1694 solum
822 1639 946 1706 Hebraei,
962 1639 1008 1694 sed
1024 1645 1050 1694 et
1061 1645 1189 1695 nostrates
1201 1639 1284 1694 critici
1295 1641 1398 1711 copiose
1424 1651 1485 1704 noa.

251 1721 376 1778 dissum

308 1809 423 1863 Τωτέστκ
438 1810 534 1863 πλατέα
549 1811 649 1881 σήματα
663 1812 812 1882 πορφύρας]
842 1812 912 1866 Mira
927 1811 1048 1866 vocabuli
1062 1808 1140 1865 huius
1156 1813 1205 1863 τῶν
1229 1809 1399 1882 φυλακτηρίων

251 1893 535 1966 interpretatic,‘elaros
550 1913 608 1951 esse
627 1913 771 1968 purpureos
785 1898 854 1950 latos
865 1898 911 1968 qui
928 1897 1036 1952 colobiis
1054 1903 1080 1950 et
1090 1897 1252 1967 epomidibus
1267 1897 1399 1950 insueren-

250 1986 291 2044 tn,
302 1980 333 2034 ad
343 1982 456 2036 eundem
465 1982 574 2038 modum
584 1983 755 2053 quoltomani
764 1989 898 2037 senatores
909 1985 951 2037 sui
962 1983 1058 2037 ordinis
1069 1983 1173 2054 insigne
1181 1983 1327 2052 gestabant.
1344 1983 1399 2037 lieo

249 2081 313 2129 tero,
333 2069 456 2138 inquam,
477 2068 657 2123 admirandum
667 2070 753 2140 potius
768 2085 849 2139 quam
860 2073 906 2122 ant
917 2069 973 2123 siue
985 2070 1036 2123 alio
1048 2068 1142 2123 idoneo
1153 2074 1244 2122 autore
1255 2069 1332 2122 nimis
1344 2085 1399 2122 em·

249 2152 414 2220 plectendum,
439 2159 487 2207 aut
504 2155 590 2208 aerius
609 2153 849 2226 reprehendendum
868 2155 939 2225 quod
958 2155 985 2208 in
1008 2153 1121 2208 Elencho
1143 2154 1260 2224 Scaliger
1279 2155 1398 2209 instituit.

250 2239 316 2308 Atqui
333 2245 424 2294 utrum
439 2240 592 2294 minacem
606 2241 672 2295 istas
693 2247 719 2295 et
735 2241 885 2295 colobiouas
902 2241 1017 2295 clevatos
1033 2239 1166 2295 Pharisaei
1186 2241 1249 2294 clim
1263 2240 1399 2310 gesserint,

250 2339 320 2394 eaque
330 2323 492 2395 phylacteria
501 2327 617 2398 plerique
628 2327 830 2392 nominaverint,
842 2343 937 2392 necne,
948 2325 1051 2380 aliunde
1063 2330 1180 2380 constare
1190 2343 1244 2380 nou
1255 2331 1354 2396 potest,
1373 2332 1400 2380 et

249 2425 277 2460 er
286 2410 420 2465 meouditis
427 2409 584 2466 ludaeorum
594 2412 668 2466 libris
680 2427 710 2466 ae
721 2412 814 2466 ritibus
824 2414 909 2467 multa
920 2410 1080 2483 Epiphanius
1092 2412 1178 2482 potuit
1188 2411 1320 2465 addiscere
1332 2427 1399 2482 quea

250 2491 290 2547 hoc
299 2497 402 2550 saxulc
418 2503 447 2549 et
462 2495 594 2552 hodiernis
608 2497 711 2552 Iudaeis
725 2499 819 2568 ignota
832 2503 902 2552 suut.
933 2497 996 2552 Esto
1006 2498 1098 2568 igitur,
1118 2498 1204 2552 claros
1223 2497 1301 2550 etiarn
1312 2497 1398 2550 istius·

249 2581 308 2634 nodi
318 2581 472 2652 φυλακτήρια
481 2585 699 2654 nuncupaverint,
710 2585 790 2654 vulgo
801 2591 891 2638 umen
903 2583 1055 2654 φυλακτήρια
1065 2585 1118 2650 illa,
1131 2599 1239 2654 quorum
1252 2581 1406 2637 Matthaeus-

249 2669 365 2733 meminit,
382 2685 445 2722 cum
455 2668 614 2740 Hieronymo
628 2669 764 2740 pittaciola
778 2675 806 2724 et
819 2669 1018 2724 membranacea
1037 2669 1159 2724 bouniis
1177 2669 1270 2724 eruditi
1280 2668 1398 2724 homiues

249 2751 445 2824 interpretantur.

304 2835 430 2901 Ῥοδσκοας
445 2837 494 2911 γὰρ
504 2857 570 2902 τινας
581 2837 620 2894 hri
631 2840 663 2893 ris
673 2841 800 2912 τέσσαρα]
825 2841 942 2895 Ridicule
954 2841 1071 2912 Scaliger
1082 2845 1111 2894 ut
1121 2840 1294 2913 Epiphaniam
1305 2841 1399 2894 erroris

249 2931 340 2992 arguat,
355 2925 388 2978 Ss'
403 2927 476 2978 saulo
489 2930 599 2996 ροοὲοο,
620 2927 719 2997 iuquit,
735 2931 880 2996 corripitur
896 2925 1029 2998 κράσπεδα.
1053 2926 1134 2992 Quasi
1148 2944 1202 2981 uon
1213 2928 1292 2981 etiam
1304 2921 1399 2997 ῥοΐσκαι

249 3013 291 3070 πῶς
301 3011 446 3082 κρασπέδοις
458 3011 561 3082 alligari
571 3013 716 3082 potuerint;
726 3018 757 3066 ut
767 3018 794 3066 et
804 3013 893 3084 spinas
904 3011 1065 3082 adhibuisse,
1078 3029 1129 3084 quo
1142 3029 1259 3068 eruorem
1269 3013 1398 3078 elicerent,

250 3099 344 3150 testam
352 3097 538 3168 llieronymue.
560 3097 614 3151 Nec
626 3099 714 3152 obstat
729 3098 800 3168 quod
815 3093 929 3169 ῥοΐσκους
945 3113 1064 3152 summus
1076 3099 1195 3154 sacerdos
1208 3097 1232 3150 dv
1244 3097 1398 3169 ἀρχιερατικῇ

250 3181 314 3252 στολῇ
322 3183 473 3253 gestaverit
484 3181 552 3237 Nam
557 3183 672 3238 diversos
679 3183 769 3238 abillis
778 3201 838 3237 eum
849 3201 966 3251 numero,
976 3191 1032 3239 tum
1042 3183 1151 3238 materiei
1159 3184 1268 3254 aliisque
1279 3184 1305 3237 id
1314 3200 1398 3254 genus

249 3263 380 3334 Pharisaei,
392 3285 454 3322 cum
465 3269 493 3322 in
504 3274 576 3323 ente
588 3275 687 3334 meent,
703 3285 828 3340 usurpare
838 3275 966 3341 poterant.
990 3270 1033 3324 Sic
1044 3269 1258 3340 paludamentum
1275 3285 1335 3322 cum
1346 3269 1397 3322 ren-

250 3368 373 3408 mcorum
383 3355 468 3426 Impp.
479 3355 614 3426 proprium
624 3355 714 3421 inerit,
726 3355 806 3408 etiam
815 3355 943 3409 militibus
955 3355 1109 3410 attribuitur.
1132 3355 1217 3426 Atque
1227 3359 1258 3408 nt
1268 3371 1285 3407 a
1294 3352 1398 3408 ludaeis

251 3454 294 3492 non
303 3441 434 3505 naum,
446 3441 505 3510 quis
516 3441 600 3494 nescit
607 3440 677 3495 iuter
687 3441 784 3494 sumni
795 3441 936 3495 sacerdotis
947 3447 1032 3495 restes
1044 3439 1139 3512 ephod,
1157 3441 1211 3494 sivo
1222 3438 1265 3507 rhu
1277 3437 1398 3510 ἐπωμίδα,

250 3539 275 3576 ιο
284 3525 492 3598 superhumerale
502 3525 602 3580 inisset
612 3525 646 3580 Et
656 3531 745 3580 tamen
756 3543 810 3580 nou
821 3527 899 3581 modo
910 3527 1058 3581 sacerdotes
1070 3541 1101 3580 ac
1112 3526 1216 3580 Levitae
1228 3527 1335 3592 caeteri,
1353 3527 1397 3580 sed

250 3612 317 3666 etan
326 3613 387 3666 laici
397 3610 491 3683 liphod
505 3611 661 3678 induebant,
676 3613 714 3666 uti
724 3611 809 3665 David
819 3613 864 3666 lib.
877 3629 905 3667 rr.
918 3612 983 3683 seg.
994 3629 1050 3683 cap.
1063 3629 1102 3678 vr,
1117 3612 1155 3666 14.
1179 3611 1231 3665 Sed
1245 3611 1296 3666 hoo
1310 3612 1399 3666 rideli-

251 3703 285 3748 eet
292 3699 386 3752 haeum
398 3703 467 3763 erat,
487 3697 598 3751 alterum
607 3697 672 3752 illud
681 3697 835 3769 pontificum
845 3699 978 3769 proprium
989 3703 1101 3769 quatuor
1111 3715 1144 3752 ex
1156 3699 1285 3752 coloribus
1298 3704 1398 3752 consta·

251 3781 294 3846 hat,
303 3781 452 3854 hyacintho,
464 3783 552 3852 bysso,
563 3799 650 3849 coeco,
661 3800 788 3855 purpura,
798 3783 845 3838 aed
856 3790 884 3838 et
893 3799 957 3838 auro
969 3790 1121 3838 contextum
1133 3789 1195 3838 erat.
1220 3783 1283 3838 Vide
1294 3785 1397 3838 llierou.

251 3865 319 3936 ipius
335 3869 369 3922 ad
383 3867 529 3924 Fabiolam.
552 3869 636 3923 Nimis
651 3869 732 3940 igitur
746 3870 847 3923 insulsa
865 3869 989 3924 adversus
1000 3869 1175 3942 Epiphanium
1189 3875 1309 3924 uestrum
1322 3886 1398 3942 argu·

250 3961 366 4007 omnm:
377 3954 506 4024 Scaliger.

305 4040 410 4110 Δωκίρσ
421 4038 449 4091 di
460 4037 493 4100 εἰς
504 4039 547 4091 ebs
563 4038 712 4093 διδάσκαλον
728 4038 830 4108 αὐτῶν]
855 4040 952 4095 liudem
968 4040 1135 4112 δεοτερώσεων
1151 4057 1249 4112 genera
1264 4047 1398 4113 percenset

249 4120 448 4190 hamtuna,
469 4141 495 4180 n.
505 4141 541 4180 rx.
571 4125 628 4189 Quo
644 4143 678 4180 ex
693 4127 752 4179 loco
768 4124 855 4195 Ῥαββδ
872 4125 971 4196 ’Δκιβᾶν
988 4143 1035 4198 pro
1048 4128 1185 4198 Βαρακιβᾶν
1201 4129 1339 4199 legendum
1355 4127 1397 4181 bio

250 4208 415 4265 edmonemur.
438 4210 488 4264 llio
499 4214 539 4263 est
548 4211 594 4264 ille
604 4211 656 4264 uisi
665 4211 742 4266 fallor
754 4212 783 4265 lt
796 4211 881 4266 skins
891 4212 923 4266 de
935 4229 986 4283 quo
1002 4214 1031 4266 in
1041 4212 1196 4269 ludaeorum
1206 4214 1360 4270 Kelenderis
1372 4231 1396 4278 r,

250 4291 282 4346 iia
291 4295 357 4351 'fieri
366 4295 432 4352 haec
447 4295 579 4368 adscripta
592 4303 666 4351 eunte
686 4298 719 4354 R.
731 4299 820 4351 Ababa
831 4301 904 4368 filiae
915 4299 1007 4369 loseph
1024 4304 1159 4354 coniicitur
1173 4306 1202 4354 in
1217 4301 1333 4364 vincula,
1353 4300 1398 4352 chi

249 4386 349 4436 nonar.

505 4519 552 4575 AD
569 4519 738 4577 messui
755 4520 837 4578 XVII.
853 4521 1126 4578 PHARISAEORUM.

307 4637 416 4707 Σαόῆσαν
427 4640 475 4711 γὰρ
487 4639 570 4702 αὐτοῖς
581 4641 622 4694 καὶ
633 4639 657 4693 oi
667 4641 790 4712 Noprsot]
807 4641 977 4712 Deflealigeri
985 4642 1186 4696 hallucinatione
1194 4643 1397 4712 supraridimus,

251 4725 287 4790 qui
296 4727 410 4796 νοροιοδς
422 4730 556 4780 aemesam
566 4743 624 4781 esse
634 4729 840 4797 absconsiones
849 4727 965 4781 eredidit
988 4727 1127 4782 Proximus
1135 4727 1195 4780 huic
1203 4743 1274 4782 error
1283 4731 1396 4801 estquod

251 4818 402 4875 menon
417 4810 556 4883 Epiphanii
570 4814 657 4867 locum
676 4814 715 4867 sio
724 4813 908 4884 interpretatus
923 4819 975 4879 est,
996 4819 1027 4866 ut
1045 4813 1074 4864 rb
1095 4812 1177 4873 αδτοῖς
1197 4813 1230 4866 ad
1245 4813 1396 4869 Pharisaeos

253 4895 358 4964 meret,
378 4898 534 4968 quibuscum
548 4900 719 4955 versabantur
734 4897 757 4951 oi
777 4899 879 4971 νορικοὶ.
902 4899 1077 4971 Epiphanius,
1106 4898 1190 4969 inqut
1300 4911 1305 4920 ·
1342 4902 1395 4961 -οὺς
