3650 5642
420 603 534 664 mill

421 763 534 828 Quinam
548 763 630 833 igitur
645 761 691 817 aiii
707 777 765 816 esso
781 767 892 832 possunt
902 777 982 833 quam
993 762 1070 834 Iegis
1081 763 1232 835 interpretes
1244 767 1271 817 et
1282 761 1417 817 doctores?
1440 761 1515 818 certe
1525 779 1572 816 non

421 851 460 904 illi
471 849 639 920 pragmatici,
655 853 701 901 aut
715 848 872 914 formularii,
889 849 944 902 sive
959 850 1067 902 actuarii
1082 849 1199 904 inerunt:
1217 865 1283 920 ques
1294 865 1371 903 nemo
1383 850 1414 902 de
1425 866 1455 903 rs
1466 855 1537 902 muta
1547 865 1573 900 ae

421 943 475 990 tam
490 934 622 988 recondita
632 935 790 999 consuleret,
807 934 839 987 ad
854 951 935 1006 qnam
949 935 1046 988 scilicet
1059 934 1255 1006 intelligendam
1270 935 1516 1006 disceptandumque
1526 951 1574 987 non

421 1021 559 1075 mediocris
574 1035 707 1073 sacrarum
721 1020 853 1074 literarum
865 1037 929 1074 usus
941 1037 971 1074 ac
982 1021 1091 1074 seientia
1100 1021 1254 1090 requiratur.
1283 1020 1356 1084 Quod
1368 1019 1499 1074 adhucne
1510 1021 1575 1072 testi·

420 1107 538 1160 monium
549 1105 614 1159 illud
625 1105 719 1159 attinet
728 1122 785 1177 cap.
797 1123 844 1171 au,
859 1107 992 1176 singulare
1004 1111 1045 1159 est
1060 1106 1087 1159 in
1099 1123 1130 1159 eo
1143 1105 1266 1176 quiddam
1277 1105 1309 1158 de
1320 1121 1371 1176 quo
1382 1106 1487 1170 nuilus,
1499 1121 1574 1174 quan·

423 1199 480 1246 tum
497 1192 562 1245 seire
578 1207 694 1262 possum,
710 1192 837 1262 interpres
853 1191 995 1245 admonuit.
1030 1191 1134 1245 Etenim
1146 1190 1244 1246 Graece
1256 1192 1294 1244 ita
1309 1191 1418 1260 legitur:
1440 1189 1506 1243 otei
1516 1189 1575 1260 ipis,

422 1277 585 1348 Γραμματέὶς,
597 1276 638 1328 aei
650 1277 784 1348 Φαρισαῖοι
795 1276 929 1347 incapaci,
942 1293 1036 1331 comm.
1045 1277 1096 1342 44.,
1109 1277 1178 1347 quod
1189 1282 1214 1330 et
1225 1275 1319 1330 Latina
1328 1275 1476 1330 Bibliorum
1487 1275 1576 1345 Regio·

422 1379 480 1418 rum
497 1363 674 1434 interpretatio
689 1365 789 1417 retinet.
816 1363 851 1416 At
865 1363 893 1416 iu
908 1362 1007 1416 Latinis
1023 1363 1081 1416 aliis
1096 1362 1228 1416 codicibus
1245 1368 1272 1414 et
1287 1361 1356 1432 apud
1372 1362 1540 1416 Ambrosium
1554 1367 1577 1414 et

422 1449 760 1520 Hieronymumiiaicgitur:
780 1448 833 1501 Vae
841 1449 918 1513 cobis,
928 1453 970 1517 pusi
978 1453 1037 1502 estis
1045 1457 1072 1500 ut
1080 1457 1242 1511 ammenta,
1254 1465 1319 1516 quae
1328 1465 1375 1499 uon
1385 1457 1523 1518 appareat,
1535 1457 1576 1498 etc.

421 1535 511 1604 Neque
521 1535 649 1588 uocabula
659 1536 711 1588 ista
721 1535 896 1604 reperiuntur,
906 1534 1014 1586 Scribas
1025 1543 1050 1586 et
1058 1533 1199 1586 Pharisaei
1210 1533 1365 1602 hypocritae.
1390 1533 1425 1586 Et
1435 1538 1543 1604 apparet
1553 1532 1577 1584 in

421 1619 576 1692 quibusdam
588 1621 650 1674 oiim
660 1619 817 1674 Graecorum
826 1619 957 1673 codicibus
969 1619 1014 1672 illa
1025 1618 1145 1672 defuisse.
1163 1617 1234 1681 Quae
1245 1618 1268 1670 si
1279 1625 1478 1688 expungantur,
1490 1617 1578 1688 peribit

421 1712 604 1776 mgumemum
615 1705 691 1771 iliud,
703 1723 755 1776 quo
766 1705 849 1758 iretus
858 1705 967 1758 Drusius
979 1704 1092 1774 νομικοὺς
1104 1719 1121 1756 a
1132 1703 1228 1757 Scribis
1237 1692 1399 1758 dsunient
1420 1703 1454 1756 lit
1464 1703 1577 1773 quamvis

421 1793 459 1846 ita
470 1793 539 1846 utin
549 1791 655 1845 Graecis
666 1795 747 1856 extat,
758 1790 866 1843 Scribas
878 1801 901 1842 et
910 1791 1058 1852 Pharisaei,
1070 1789 1197 1860 legamus,
1208 1805 1261 1842 non
1272 1787 1332 1842 inde
1342 1793 1433 1842 umen
1444 1789 1578 1842 discrimen

421 1878 486 1931 iliud
497 1878 630 1931 evincitur.
663 1875 703 1928 Ita
714 1877 783 1929 enim
793 1876 957 1948 interpretari
966 1875 1038 1928 licet:
1051 1891 1110 1928 eum
1121 1873 1247 1928 hactenus
1257 1875 1285 1927 in
1296 1874 1366 1928 solos
1376 1873 1534 1928 Pharisaeos
1544 1874 1579 1924 in·

421 1975 511 2017 socrus
523 1967 605 2026 esset,
622 1967 754 2032 postremo
765 1977 859 2016 comm.
871 1961 917 2025 44,
933 1960 966 2013 sd
977 1959 1127 2014 Pharisaeos
1139 1960 1217 2014 etiam
1228 1959 1334 2014 Scribas
1344 1959 1482 2015 adiedsse.
1511 1957 1579 2023 Quod

420 2065 480 2102 oum
490 2048 597 2116 indigne
608 2031 711 2100 tulisset
728 2047 834 2117 quidam
851 2047 897 2117 qui
908 2046 1000 2099 Scriba
1015 2044 1208 2112 tantummodo,
1223 2061 1277 2098 non
1288 2044 1442 2098 Pharisaeus
1455 2051 1540 2108 esset,
1551 2043 1579 2096 de

422 2149 455 2186 ea
466 2151 494 2186 re
505 2137 688 2202 conquestum,
706 2133 775 2203 quod
790 2149 844 2186 non
858 2132 937 2186 modo
952 2129 1118 2196 Pharisaeos,
1133 2146 1224 2184 serum
1240 2137 1267 2184 et
1280 2131 1397 2184 ordinem
1408 2147 1492 2185 sunm
1502 2132 1578 2184 inces-

421 2225 499 2273 seret.
533 2218 604 2271 Haoo
621 2235 679 2272 esse
695 2224 782 2290 potest
796 2218 989 2289 simplicissima
1004 2215 1081 2270 huius
1092 2217 1142 2270 loci
1153 2217 1339 2286 aptissimaque
1350 2217 1491 2270 sententia.
1518 2215 1579 2269 Nam

420 2305 526 2380 omniuo
538 2305 655 2375 νομικοὺς
665 2321 712 2376 pre
724 2304 837 2368 Scribis,
849 2309 874 2356 et
884 2303 1015 2366 vicissim,
1032 2303 1206 2372 euangelistae
1219 2318 1309 2356 omues
1320 2307 1453 2373 usurpant
1481 2301 1579 2356 Scriba·

350 2431 356 2443 .
391 2433 397 2448 .
422 2408 480 2446 rum
491 2408 567 2462 porro
578 2407 674 2445 munus
685 2395 713 2444 et
720 2390 835 2444 officium
843 2389 974 2460 praeclare
985 2387 1119 2458 descripsit
1127 2386 1219 2458 Epiph.
1231 2403 1290 2441 cum
1298 2388 1346 2440 ait:
1359 2385 1511 2458 διυτερνοτᾰς
1520 2403 1578 2444 τινος

423 2482 467 2530 τοῦ
478 2479 556 2548 νόμον
567 2477 663 2541 fuisse,
675 2475 708 2537 ὡς
720 2475 892 2545 γραμματικήν
904 2491 957 2526 τινα
973 2471 1106 2543 ἐπιστήμην
1124 2471 1312 2543 ὑφηγουμένους.
1342 2472 1413 2537 Quos
1431 2473 1538 2543 quidem
1549 2487 1578 2524 ea

422 2564 537 2618 Levitiea
546 2562 616 2616 tribu
627 2561 746 2614 extitisse
756 2575 891 2631 perperam
902 2559 1009 2613 adnotat
1019 2558 1100 2625 Besa,
1113 2575 1174 2613 nam
1186 2575 1200 2613 e
1212 2559 1328 2630 quelibet
1339 2575 1396 2613 esse
1407 2565 1542 2630 poterant,
1553 2561 1579 2611 ut

422 2654 449 2703 et
459 2648 598 2702 Pharisaei

493 2732 582 2802 Πνγμῇ
592 2727 772 2802 μὲντὸςχέἰρας
781 2729 1093 2802 νιπτομνοι.]11νγμῇοοοι
1100 2729 1278 2802 aiiteraecepit
1283 2729 1441 2802 Epiphanius
1450 2746 1484 2785 ac
1493 2731 1579 2801 suiga-

423 2824 466 2872 tus
478 2817 607 2887 interpres
621 2833 668 2888 pro
689 2833 721 2870 eo
733 2816 801 2885 quod
813 2823 853 2870 est
863 2817 965 2879 crebra,
976 2819 1136 2886 frementes:
1153 2833 1199 2888 pro
1211 2833 1263 2886 quo
1274 2816 1343 2870 Besa
1353 2817 1478 2871 nouitatis
1491 2819 1579 2871 intem·

421 2905 522 2975 peetiro
534 2901 620 2955 studio
628 2920 714 2972 peyna
731 2901 846 2966 sedditit,
867 2917 930 2954 suno
947 2901 1073 2971 imperite.
1100 2902 1152 2955 Sed
1169 2902 1200 2955 de
1211 2901 1315 2956 Iudaico
1328 2903 1442 2974 quodam
1458 2901 1579 2958 abluendi

422 3004 530 3058 genere,
541 3003 594 3058 quo
606 2987 638 3040 ad
650 3003 767 3041 summos
778 3003 861 3059 usque
872 2987 968 3057 digitos
980 3001 1074 3041 manus
1085 2987 1220 3054 lavabant,
1231 2989 1290 3044 ride
1306 2987 1451 3043 Serrarium
1462 2996 1579 3044 nostrum

418 3076 464 3130 lib.
476 3093 503 3129 ιι.
516 3089 572 3145 cap.
585 3091 623 3127 nr.
754 3130 758 3139 ,

487 3159 533 3212 aa
544 3158 696 3231 φυλακτήρια
707 3156 765 3230 παρ’
777 3158 881 3228 αὐτοῖς]
895 3157 1034 3218 Deuterou.
1047 3176 1082 3215 vr.
1094 3175 1161 3215 com.
1174 3158 1197 3213 S.
1211 3175 1272 3213 cum
1282 3159 1463 3214 mandatorum
1473 3175 1579 3216 suorum

419 3247 510 3319 iugem
526 3251 553 3300 et
563 3246 696 3300 assiduam
706 3247 900 3300 meditationem
915 3247 1075 3317 praeciperet
1086 3245 1160 3299 deus:
1181 3245 1218 3298 Et
1228 3245 1332 3314 ispabs's,
1349 3247 1445 3316 inquit,
1464 3267 1495 3300 ea
1509 3249 1580 3318 purast

419 3337 563 3402 ripamaris
577 3351 653 3386 mauu
671 3342 729 3397 aaa,
750 3343 868 3403 eruntque
887 3343 912 3385 ct
925 3333 1084 3385 emoriuntur
1099 3337 1166 3383 iuter
1176 3333 1260 3385 oculos
1277 3343 1342 3385 moe:
1363 3331 1490 3387 Hebraico
1508 3339 1578 3396 b'b'i't

421 3423 509 3502 φανῇ
527 3423 577 3506 3³2
593 3385 764 3490 nubum}
794 3417 938 3472 Chaldaeus
958 3389 1090 3502 Jubnnb.
1110 3416 1149 3470 De
1164 3415 1310 3488 'iotapheth
1329 3423 1384 3472 taus
1403 3417 1437 3471 ab
1455 3417 1578 3473 Hebraeis

421 3519 501 3572 quam
518 3504 640 3556 anostris
652 3503 723 3556 varie
734 3503 885 3572 disputatur.
909 3517 962 3554 sxa
974 3517 1020 3571 pro
1033 3515 1064 3554 ea
1074 3517 1138 3554 voce
1150 3498 1271 3554 ἀσάλευτον
1282 3502 1403 3556 redduntr
1416 3501 1457 3554 zai
1469 3501 1578 3556 ἔστωσαν

420 3585 543 3639 ἀσάλευτον
554 3587 602 3656 πρὶν
615 3584 751 3656 ὀφθαλμῶν
763 3590 820 3638 oct:
841 3586 875 3638 lit
884 3586 938 3638 sint
954 3585 1099 3639 immobilia.
1133 3587 1168 3640 At
1178 3586 1295 3658 Scaliger
1305 3588 1391 3659 inepto
1403 3589 1512 3644 eredidit
1523 3587 1578 3642 dei·

421 3671 496 3725 λευτα
507 3671 577 3724 idem
588 3687 645 3724 esse
656 3678 733 3741 atque
745 3673 863 3726 amuleta.
890 3671 972 3732 Quam
984 3689 1080 3736 nocens,
1092 3673 1188 3742 inquit,
1199 3677 1365 3742 prammctici
1374 3677 1482 3728 noudum
1493 3682 1522 3729 ire
1533 3695 1577 3728 sua

421 3758 662 3812 toxicareutenmr.
687 3753 1113 3827 lramesdemessdetissros,r.st
1126 3757 1296 3828 φυλακτήριον.
1320 3758 1372 3813 Sed
1382 3760 1511 3816 undehoc
1524 3769 1577 3817 tan·

420 3844 480 3896 dem
491 3841 585 3895 babet?
602 3841 670 3894 Nam
681 3839 802 3894 ἀσάλευτον
813 3859 865 3895 non
877 3843 1047 3908 substantive,
1059 3859 1143 3914 neque
1155 3843 1187 3897 ad
1199 3860 1254 3898 rem
1265 3851 1362 3899 certam
1372 3845 1578 3916 significandam,

420 3929 467 3982 sed
477 3928 616 3997 adjective,
633 3933 660 3981 et
671 3925 789 3998 ἀορίστως
805 3934 971 3998 usurparunt.
994 3928 1090 3995 Erunt,
1107 3930 1203 4000 inquit,
1222 3933 1324 3984 immoto
1341 3941 1400 3984 ante
1415 3935 1500 3986 ocutos
1517 3945 1577 3989 tues.

420 4015 506 4078 Quare
515 4013 595 4082 iriget
605 4011 669 4068 haec
680 4029 764 4067 norae
778 4013 850 4066 vocis
867 4014 1021 4068 observatio.
1053 4015 1139 4070 Locus
1150 4021 1190 4070 est
1200 4015 1292 4071 hdatth.
1304 4033 1384 4082 xnrrr,
1404 4017 1428 4071 5.
1440 4019 1467 4071 in
1480 4020 1577 4090 quoad

419 4095 566 4171 Totaphoth
585 4104 613 4152 et
630 4099 753 4152 henniis
768 4097 884 4153 Christus
899 4105 1046 4170 respectum
1065 4099 1187 4156 habuisse
1205 4101 1314 4156 ridetur.
1343 4101 1410 4156 Nam
1423 4101 1576 4159 Pharisaeos

419 4185 609 4257 perstringens,
622 4184 754 4247 Dilataat,
770 4185 867 4255 inquit,
882 4186 1046 4256 phylacteria
1063 4205 1121 4251 ruo,
1141 4197 1165 4241 et
1175 4190 1470 4258 mapm'fioantfimbrias.
1494 4190 1576 4255 Quem

419 4272 452 4324 sd
468 4273 555 4325 locum
565 4269 713 4339 Hieronym.
724 4268 920 4324 Pharisaeorum
938 4271 1147 4343 superstitionem
1158 4277 1244 4338 notat,
1261 4275 1306 4344 qui
1317 4273 1387 4344 quod
1398 4274 1576 4346 simplicitera
1614 4325 1615 4338 ,

419 4357 468 4410 deo
479 4356 631 4411 mandatum
646 4360 714 4420 erat,
735 4357 807 4409 utin
824 4357 883 4426 lege
897 4357 1046 4411 meditanda
1062 4357 1273 4427 observandasque
1288 4359 1392 4412 assidue
1402 4369 1574 4428 venarentur,

420 4443 509 4512 utique
520 4443 566 4496 illa
576 4445 637 4493 anto
649 4442 736 4493 ocutos
748 4447 872 4511 perpetuo
883 4443 960 4511 quasi
976 4443 1164 4498 monimentum
1177 4441 1306 4512 quoddam
1318 4449 1431 4510 extaret,
1445 4447 1481 4499 ita
1497 4447 1575 4502 inter·

419 4528 513 4597 precati
524 4532 597 4592 sunt,
609 4527 684 4596 quasi
694 4525 849 4596 descriptam
860 4527 888 4580 in
899 4528 1057 4581 membranis
1069 4530 1155 4599 legem
1166 4533 1192 4582 et
1197 4527 1326 4583 frontibus
1332 4529 1465 4600 alligatam
1477 4535 1574 4602 gestari

419 4611 585 4682 praeciperet
615 4610 743 4676 Quocirca
761 4610 826 4665 baec
839 4612 928 4683 opinio
942 4613 1093 4683 Hieronymi
1107 4613 1158 4668 tuit
1176 4613 1279 4668 nudum
1294 4613 1403 4670 ludaeos
1422 4617 1573 4673 mandatum

419 4695 540 4750 measse
556 4696 589 4750 ee
603 4696 767 4767 puytscseuis
779 4713 810 4750 sa
826 4697 980 4751 nonnosus
992 4699 1161 4764 memsam,
1181 4699 1228 4752 see
1243 4715 1328 4754 crass
1339 4701 1398 4755 ures
1414 4707 1441 4755 a
1455 4703 1572 4775 capsae
1613 4685 1614 4735 i

419 4781 536 4836 divinum
549 4783 679 4837 monitum
692 4781 831 4851 accepisse.
853 4782 938 4845 Quam
954 4784 988 4837 ob
999 4799 1118 4838 cosmam
1130 4785 1253 4840 acenime
1265 4800 1282 4838 a
1292 4785 1425 4856 scaligero
1437 4787 1571 4859 reprehen-

419 4883 466 4922 sus
476 4872 529 4933 est,
539 4867 586 4936 qui
595 4881 630 4921 ex
640 4868 706 4938 ipsis
715 4868 783 4939 tegis
793 4867 879 4921 uerbis
889 4873 992 4938 pugnat
1004 4869 1032 4924 in
1043 4867 1156 4928 Eloucho
1167 4885 1224 4942 cap.
1238 4887 1294 4926 πη.
1305 4887 1337 4925 ea
1346 4872 1404 4943 ipsa
1414 4871 1571 4944 phylacteria
