3650 5642
1257 605 1404 660 oooxutfl

234 779 432 832 Paenitentiam
449 793 481 830 ac
492 793 585 847 pacem
597 777 679 830 semel
690 793 726 830 an
742 791 799 829 sae·
882 775 974 828 itidem
992 775 1123 844 quomodo
1135 775 1254 846 spiritum
1271 777 1404 845 negaban-

272 864 335 932 pius
351 863 464 915 ecclesia
479 869 555 916 retus
572 862 709 916 indulserit
741 861 799 914 936.
883 862 919 915 15.
941 877 974 912 ιι
996 861 1081 914 solnm
1098 859 1299 913 Pentateuchum
1323 861 1404 912 admi·

239 948 438 1000 poenitentium
455 948 561 1000 nomine
578 948 722 1016 rulgotree
739 961 799 1014 gra-
884 946 966 999 serint
1308 945 1349 998 28.
1364 946 1404 996 29.

272 1033 326 1084 due
343 1034 509 1085 continentur
741 1032 799 1086 251.
849 1031 978 1085 Sadncaei
996 1048 1012 1083 a
1031 1029 1154 1084 Dositheo
1172 1031 1309 1099 propagati
1364 1030 1405 1084 27.

239 1117 435 1187 ΙΙολσωόμινις
468 1133 520 1186 qua
541 1133 606 1170 voce
623 1117 712 1170 Latine
730 1133 800 1170 curn·
851 1117 947 1172 Sadoei
958 1118 1009 1170 duo
1021 1124 1047 1169 et
1055 1117 1150 1186 quibne
1158 1115 1319 1186 temporibus
1329 1117 1405 1168 ambo

270 1202 381 1255 modius
398 1203 519 1256 reddatur
742 1201 800 1255 369.
885 1204 1008 1256 vixerunt
1344 1201 1406 1255 ibid.

240 1286 361 1354 Προβολὴ
373 1289 435 1357 quid
444 1287 801 1358 ι11,11ιιιι1πριβιλιὶις986.
852 1289 1054 1341 Salaminiorum
1084 1303 1168 1342 annua
1197 1303 1213 1339 e
1239 1303 1291 1357 qno
1319 1303 1406 1339 mense

239 1372 388 1441 Prophetae
399 1374 587 1443 intelligentiae
604 1390 650 1426 cur
666 1373 730 1426 dicti
745 1373 800 1426 tue·
885 1374 1015 1443 inceperit
1350 1371 1405 1426 133.

274 1460 330 1510 rint
759 1457 802 1512 59.
852 1458 971 1512 Samaria
988 1458 1060 1510 varia
1071 1457 1262 1528 significatione
1280 1459 1407 1526 accipitur

239 1542 435 1597 Prosabbatum
453 1543 514 1613 quid
531 1543 567 1596 eit
743 1542 801 1598 212.
885 1546 914 1597 in
932 1545 1013 1596 esurie
1032 1543 1105 1598 libris
1368 1544 1407 1595 18.

240 1627 394 1682 Proseucha
415 1629 477 1698 quid
499 1636 526 1682 et
541 1645 576 1682 en
592 1628 687 1682 ludaei
702 1628 801 1682 meudl·
852 1630 989 1699 Sampseei
1007 1637 1033 1682 et
1050 1628 1143 1682 Osreni
1165 1645 1198 1681 au
1217 1628 1293 1682 iidem
1311 1628 1409 1681 fuerint

274 1723 368 1766 carent
741 1712 800 1767 335.
1365 1714 1407 1770 tt.

247 1797 384 1866 ligetemo<
412 1799 475 1868 qnid
502 1798 645 1868 significet,
667 1805 695 1852 et
720 1815 800 1868 quam
851 1801 1008 1854 Sanctorum
1025 1801 1128 1853 animae
1140 1801 1230 1852 beatae
1247 1799 1314 1852 liunt
1329 1799 1408 1862 illico,

275 1885 364 1937 varias
390 1886 616 1954 interpretationes
638 1884 733 1938 habeat
757 1886 801 1939 43.
885 1902 933 1938 ιιι
951 1885 1044 1955 judicii
1066 1885 1133 1938 hem
1156 1893 1303 1938 extremum
1329 1901 1408 1953 expe·

277 1967 424 2023 Nicolaitae
451 1970 591 2034 Pruuicum
619 1971 754 2024 mulierem
774 1977 802 2024 et
886 1977 961 2023 etant
1349 1968 1407 2024 334.

276 2053 437 2108 Gauleucam
455 2057 646 2109 venerabantur
759 2057 801 2111 44.
854 2055 1018 2120 Saturninus,
1036 2056 1078 2109 vel
1088 2055 1245 2120 Satutuilue,
1262 2061 1353 2108 auctor
1361 2055 1408 2107 Sa-

244 2137 366 2192 Prunicie
394 2156 462 2210 quae
482 2140 562 2195 tuerit
583 2158 617 2194 ex
640 2141 754 2212 Origene
776 2149 803 2196 et
886 2141 1087 2194 turnilianornm
1367 2141 1409 2195 42.

277 2224 428 2295 Epiphanio
760 2228 801 2282 66.
853 2228 949 2281 8ιι1ιι
967 2243 1019 2296 quo
1038 2227 1228 2280 sabaudicatur
1246 2225 1338 2287 νεανίας
1353 2226 1408 2278 129.

245 2307 337 2376 Pythia
353 2312 498 2364 certamine
514 2312 618 2382 quaudo
635 2313 802 2366 celebrabau·
853 2313 981 2382 Scaligeri
991 2312 1121 2365 sententia
1132 2312 1163 2366 de
1172 2313 1332 2366 ludaeorum
1340 2328 1409 2364 anno

276 2402 329 2460 tur,
346 2403 438 2450 contu
454 2398 617 2467 Scaligerum
742 2397 802 2452 338.
885 2405 972 2451 vetere
1002 2397 1066 2462 153,
1091 2398 1207 2467 ejusdem
1234 2397 1412 2450 inconstantia

889 2482 953 2548 154,
971 2483 1003 2536 de
1024 2499 1093 2537 auno
1113 2483 1212 2536 Graeco
1233 2487 1409 2536 commentum

507 2557 543 2617 R.
892 2568 957 2632 157,
976 2573 1066 2639 stupor
1354 2565 1409 2620 158.

247 2646 422 2715 Rhodanusiae
439 2650 515 2720 quid,
531 2653 653 2723 itemqui
664 2653 719 2710 sint
736 2653 804 2708 Rho·
854 2653 981 2722 scaligeri
1012 2653 1138 2724 jocularis
1169 2653 1347 2707 inconstantia
1378 2651 1410 2704 de

277 2735 364 2788 danici
762 2740 804 2795 71.
888 2753 958 2792 ιιιο
977 2739 1057 2792 natali
1076 2737 1170 2792 Christi
1354 2736 1411 2792 134.

249 2816 368 2874 Ruffinus
380 2820 503 2891 Origeuis
513 2831 616 2878 amator
626 2824 753 2878 refellitur
769 2826 803 2878 ab
855 2825 983 2896 Scaligeri
998 2824 1166 2878 hallucinatio
1356 2823 1410 2878 115.

277 2905 441 2974 Hieronymo
518 2982 538 3042 Β
745 2908 804 2965 tet.
855 2910 1049 2981 Scaligerianae
1061 2910 1252 2964 inconstantiae
1264 2909 1334 2962 aliud
1352 2925 1410 2978 epe·

538 3025 546 3042 ·
888 2999 973 3050 cimen
1354 2995 1410 3051 134.

248 3071 803 3147 8ι66ι1ιιι35ιτιρ6πρωτιν,ι1ιιιοιιιιι,
855 3082 982 3152 Scaligeri
1008 3097 1078 3135 error
1100 3081 1131 3134 de
1152 3080 1296 3136 Posideone
1319 3097 1409 3134 meuse

279 3161 402 3228 primum,
419 3162 490 3232 qnod
506 3163 585 3217 inerit
762 3167 803 3220 61.
889 3168 973 3221 Attico
1355 3166 1411 3220 137.

249 3241 356 3299 Sabbati
370 3247 501 3316 jejunium
745 3251 804 3305 359.
855 3252 991 3307 Schoenus
1004 3257 1066 3322 quot
1081 3251 1194 3304 miliaria
1204 3251 1267 3305 item
1284 3257 1311 3304 at
1328 3251 1412 3304 stadia

250 3325 358 3384 sabbati
380 3331 479 3403 duplex
500 3349 585 3404 geum
602 3335 673 3406 apud
689 3336 803 3391 ludam
863 3339 1007 3392 continet
1369 3335 1411 3390 38.

280 3415 330 3468 912
349 3417 419 3486 qnod
437 3419 472 3472 sit
489 3419 686 3491 δευτερόπρωτιν
769 3423 804 3477 ib.
855 3421 1411 3477 Scotorumhaereaisuelerrorexialrassui·

251 3496 356 3554 Sahbeti
372 3502 421 3556 iter
439 3510 503 3574 quot
524 3505 635 3575 pedibu
652 3507 693 3561 vel
710 3508 805 3562 cubitis
890 3509 939 3563 tini
945 3508 1165 3580 interpretatione,
1176 3507 1412 3578 produatoliolllss.

280 3593 413 3640 constaret
744 3593 803 3648 270.
856 3595 1007 3648 Scribarum
1016 3599 1092 3647 eraut
1104 3594 1251 3664 complures
1261 3601 1286 3646 et
1295 3593 1410 3646 distincti

251 3668 279 3720 de
303 3672 425 3728 Sabbata
451 3675 648 3747 δευτεροπρώτῳ
682 3684 806 3732 arunte
890 3679 988 3750 medus
1005 3680 1033 3732 in
1051 3679 1141 3734 eodem
1159 3679 1249 3732 ordina
1370 3677 1411 3732 33.

281 3757 429 3828 disquisitio
653 3763 696 3818 69.
707 3763 748 3818 63.
761 3765 801 3817 64.
856 3767 962 3820 Scrihae
989 3773 1016 3820 et
1036 3765 1168 3820 Pharisaei
1191 3765 1322 3836 quomodo
1345 3765 1412 3817 inter

252 3838 365 3897 Sabbata
375 3845 468 3898 ludaei
485 3862 534 3900 sue
544 3847 612 3901 iesta
628 3849 760 3902 uocabant
776 3855 805 3902 ut
890 3869 920 3906 se
932 3851 1053 3907 differant
1064 3853 1114 3919 29,
1127 3869 1161 3906 an
1170 3851 1267 3905 inerint
1277 3851 1356 3904 iidem
1368 3849 1413 3918 qui

282 3928 417 3982 etetbnici
763 3935 806 3991 64.
890 3943 917 3990 et
933 3937 1080 4008 iurisperiti
1376 3936 1411 3987 lb.

253 4007 371 4067 sabbatis
402 4014 561 4070 iudaeorum
590 4023 678 4073 utrum
708 4021 806 4090 aliquid
856 4021 970 4091 Scythae
1001 4022 1112 4076 mrtem
1143 4021 1231 4075 colunt
1262 4022 1311 4075 sub
1336 4019 1412 4074 terrei

282 4100 385 4170 operari
401 4100 503 4156 licuerit
708 4106 750 4161 64.
763 4105 805 4160 65.
892 4108 1007 4161 acinacis
1025 4105 1113 4177 effigie
1372 4105 1412 4159 10.

256 4179 366 4240 Sabbata
389 4202 422 4239 an
446 4203 562 4256 synaxes
579 4189 648 4260 apud
665 4192 805 4245 orientales
856 4193 1013 4264 Scytharum
1024 4193 1137 4246 nominis
1149 4193 1223 4262 origo
1240 4192 1314 4245 veria
1388 4190 1412 4243 6.

216 4291 221 4299 ·
284 4272 478 4326 celebrarentur
500 4272 551 4330 353
573 4281 601 4329 et
622 4283 711 4331 unum
737 4277 809 4330 feria
857 4279 924 4350 Seps
951 4279 1025 4349 cujus
1051 4279 1155 4350 generis
1180 4295 1288 4349 serpens
1309 4283 1335 4329 et
1357 4275 1413 4345 ojus

283 4355 342 4410 tet
359 4357 377 4410 6
395 4360 522 4427 mysteria
538 4361 731 4417 adobruantur
746 4363 806 4417 354.
891 4371 986 4419 natura
1372 4361 1414 4416 75.

256 4437 419 4498 Sacerdotem
431 4447 513 4500 series
525 4463 608 4517 usque
625 4449 658 4501 ad
675 4447 807 4502 excidium
858 4450 957 4505 Serucb
980 4449 1099 4504 vocabuli
1115 4449 1226 4504 Hebraei
1248 4447 1320 4502 varia
1336 4447 1414 4500 iuter·

284 4530 373 4600 templi
748 4535 806 4590 990.
891 4535 1000 4608 prelatio
1387 4533 1414 4588 8.

257 4609 479 4672 &camentorum
496 4618 577 4672 rerba
587 4625 664 4673 caute
674 4635 706 4674 ac
717 4621 807 4674 timide
858 4620 967 4677 Seruchi
979 4621 1142 4692 temporibus
1156 4619 1276 4674 idolatria
1293 4625 1414 4688 grassata

285 4702 441 4770 proterenda
746 4705 807 4760 367.
864 4714 933 4764 ,ιιι
1374 4703 1413 4760 tt.

258 4781 378 4844 &ducaei
395 4790 526 4845 textnalee
544 4790 606 4845 dicti
624 4791 692 4863 quod
709 4792 806 4862 scripto
858 4790 1414 4864 Severitelistriplsxecclcsieeticaegradna

286 4882 310 4926 et
337 4878 427 4930 textui
450 4882 553 4932 tantum
580 4877 749 4933 adhaererent
766 4877 806 4930 98.
1356 4875 1414 4931 931.
