<?xml version="1.0" encoding="UTF-8"?>
<!DOCTYPE html PUBLIC "-//W3C//DTD XHTML 1.0 Transitional//EN"
    "http://www.w3.org/TR/xhtml1/DTD/xhtml1-transitional.dtd">
<html xmlns="http://www.w3.org/1999/xhtml" xml:lang="en" lang="en">
 <head>
  <title>
</title>
<meta http-equiv="Content-Type" content="text/html;charset=utf-8" />
  <meta name='ocr-system' content='tesseract 3.04.00' />
  <meta name='ocr-capabilities' content='ocr_page ocr_carea ocr_par ocr_line ocrx_word'/>
</head>
<body>
  <div class='ocr_page' id='page_1' title='image "./sepiphaniiepisc00epipgoog_0149.png"; bbox 0 0 3650 5642; ppageno 0'>
   <div class='ocr_carea' id='block_1_1' title="bbox 1268 610 1395 665">
    <p class='ocr_par' dir='ltr' id='par_1_1' title="bbox 1268 610 1395 665">
     <span class='ocr_line' id='line_1_1' title="bbox 1268 610 1395 665; baseline -0.008 0"><span class='ocrx_word' id='word_1_1' title='bbox 1268 610 1395 665; x_wconf 77' lang='lat' dir='ltr'>CXXXV</span> 
     </span>
    </p>
   </div>
   <div class='ocr_carea' id='block_1_2' title="bbox 235 764 1397 2105">
    <p class='ocr_par' dir='ltr' id='par_1_2' title="bbox 235 764 1395 1351">
     <span class='ocr_line' id='line_1_2' title="bbox 235 764 1395 837; baseline -0.003 -14"><span class='ocrx_word' id='word_1_2' title='bbox 235 765 420 835; x_wconf 75' lang='lat' dir='ltr'><strong>Dionpslanam</strong></span> <span class='ocrx_word' id='word_1_3' title='bbox 440 764 566 837; x_wconf 81' lang='lat' dir='ltr'><strong>epocham</strong></span> <span class='ocrx_word' id='word_1_4' title='bbox 585 765 736 821; x_wconf 76' lang='lat' dir='ltr'><strong>summovit.</strong></span> <span class='ocrx_word' id='word_1_5' title='bbox 770 764 823 819; x_wconf 85' lang='lat' dir='ltr'><strong>Sed</strong></span> <span class='ocrx_word' id='word_1_6' title='bbox 840 764 885 835; x_wconf 91' lang='lat' dir='ltr'><strong>qui</strong></span> <span class='ocrx_word' id='word_1_7' title='bbox 901 782 995 820; x_wconf 76' lang='grc' dir='ltr'>ιιιιιι.</span> <span class='ocrx_word' id='word_1_8' title='bbox 1012 780 1082 819; x_wconf 88' lang='lat' dir='ltr'><strong>anno</strong></span> <span class='ocrx_word' id='word_1_9' title='bbox 1101 781 1210 837; x_wconf 75' lang='lat' dir='ltr'><strong>pmsum</strong></span> <span class='ocrx_word' id='word_1_10' title='bbox 1229 782 1288 819; x_wconf 83' lang='lat' dir='ltr'><strong>esse</strong></span> <span class='ocrx_word' id='word_1_11' title='bbox 1303 766 1395 819; x_wconf 79' lang='lat' dir='ltr'><strong>nolunt</strong></span> 
     </span>
     <span class='ocr_line' id='line_1_3' title="bbox 235 850 1394 923; baseline 0 -18"><span class='ocrx_word' id='word_1_12' title='bbox 235 851 360 905; x_wconf 81' lang='lat' dir='ltr'><strong>Christum</strong></span> <span class='ocrx_word' id='word_1_13' title='bbox 372 852 470 923; x_wconf 76' lang='lat' dir='ltr'><strong>spritu</strong></span> <span class='ocrx_word' id='word_1_14' title='bbox 481 870 535 917; x_wconf 82' lang='grc' dir='ltr'>ιιι,</span> <span class='ocrx_word' id='word_1_15' title='bbox 552 850 580 907; x_wconf 87' lang='lat' dir='ltr'><strong>hi</strong></span> <span class='ocrx_word' id='word_1_16' title='bbox 596 851 659 905; x_wconf 85' lang='lat' dir='ltr'><strong>lune</strong></span> <span class='ocrx_word' id='word_1_17' title='bbox 670 869 713 906; x_wconf 82' lang='lat' dir='ltr'><strong>xv.</strong></span> <span class='ocrx_word' id='word_1_18' title='bbox 731 850 757 905; x_wconf 90' lang='lat' dir='ltr'><strong>id</strong></span> <span class='ocrx_word' id='word_1_19' title='bbox 773 850 899 905; x_wconf 81' lang='lat' dir='ltr'><strong>accidisse</strong></span> <span class='ocrx_word' id='word_1_20' title='bbox 915 856 1030 905; x_wconf 85' lang='lat' dir='ltr'><strong>consent</strong></span> <span class='ocrx_word' id='word_1_21' title='bbox 1062 851 1160 905; x_wconf 89' lang='lat' dir='ltr'><strong>Paulus</strong></span> <span class='ocrx_word' id='word_1_22' title='bbox 1176 868 1237 906; x_wconf 81' lang='lat' dir='ltr'><strong>vero</strong></span> <span class='ocrx_word' id='word_1_23' title='bbox 1254 853 1317 905; x_wconf 85' lang='lat' dir='ltr'><strong>luna</strong></span> <span class='ocrx_word' id='word_1_24' title='bbox 1332 869 1394 916; x_wconf 77' lang='grc' dir='ltr'>ιιι,</span> 
     </span>
     <span class='ocr_line' id='line_1_4' title="bbox 235 934 1393 1008; baseline 0.001 -17"><span class='ocrx_word' id='word_1_25' title='bbox 235 953 277 991; x_wconf 87' lang='lat' dir='ltr'><strong>uec</strong></span> <span class='ocrx_word' id='word_1_26' title='bbox 287 937 385 1008; x_wconf 87' lang='lat' dir='ltr'><strong>inipso</strong></span> <span class='ocrx_word' id='word_1_27' title='bbox 397 934 535 1007; x_wconf 85' lang='lat' dir='ltr'><strong>paschate,</strong></span> <span class='ocrx_word' id='word_1_28' title='bbox 547 937 602 991; x_wconf 82' lang='lat' dir='ltr'><strong>sire</strong></span> <span class='ocrx_word' id='word_1_29' title='bbox 613 936 697 1007; x_wconf 87' lang='lat' dir='ltr'><strong>prime</strong></span> <span class='ocrx_word' id='word_1_30' title='bbox 708 936 749 989; x_wconf 90' lang='lat' dir='ltr'><strong>die</strong></span> <span class='ocrx_word' id='word_1_31' title='bbox 761 952 927 1005; x_wconf 76' lang='lat' dir='ltr'><strong>azymorum,</strong></span> <span class='ocrx_word' id='word_1_32' title='bbox 939 936 986 989; x_wconf 87' lang='lat' dir='ltr'><strong>scd</strong></span> <span class='ocrx_word' id='word_1_33' title='bbox 997 936 1093 1007; x_wconf 89' lang='lat' dir='ltr'><strong>pridie,</strong></span> <span class='ocrx_word' id='word_1_34' title='bbox 1104 937 1226 990; x_wconf 82' lang='lat' dir='ltr'><strong>videlicet</strong></span> <span class='ocrx_word' id='word_1_35' title='bbox 1235 937 1323 991; x_wconf 73' lang='lat' dir='ltr'><strong>Merui</strong></span> <span class='ocrx_word' id='word_1_36' title='bbox 1332 955 1393 992; x_wconf 84' lang='lat' dir='ltr'><strong>ur.</strong></span> 
     </span>
     <span class='ocr_line' id='line_1_5' title="bbox 236 1020 1394 1093; baseline -0.002 -16"><span class='ocrx_word' id='word_1_37' title='bbox 236 1023 264 1077; x_wconf 82' lang='lat' dir='ltr'><strong>lt</strong></span> <span class='ocrx_word' id='word_1_38' title='bbox 277 1022 359 1077; x_wconf 76' lang='lat' dir='ltr'><strong>lucas</strong></span> <span class='ocrx_word' id='word_1_39' title='bbox 378 1021 520 1089; x_wconf 71' lang='lat' dir='ltr'><strong>Genusus,</strong></span> <span class='ocrx_word' id='word_1_40' title='bbox 538 1038 650 1093; x_wconf 87' lang='lat' dir='ltr'><strong>eumque</strong></span> <span class='ocrx_word' id='word_1_41' title='bbox 666 1026 772 1075; x_wconf 85' lang='lat' dir='ltr'><strong>secutus</strong></span> <span class='ocrx_word' id='word_1_42' title='bbox 789 1020 926 1085; x_wconf 82' lang='lat' dir='ltr'><strong>Onuirius,</strong></span> <span class='ocrx_word' id='word_1_43' title='bbox 943 1037 1012 1074; x_wconf 88' lang='lat' dir='ltr'><strong>anno</strong></span> <span class='ocrx_word' id='word_1_44' title='bbox 1023 1038 1113 1075; x_wconf 79' lang='lat' dir='ltr'><strong>xxm.</strong></span> <span class='ocrx_word' id='word_1_45' title='bbox 1130 1038 1239 1093; x_wconf 83' lang='lat' dir='ltr'><strong>passum</strong></span> <span class='ocrx_word' id='word_1_46' title='bbox 1256 1022 1394 1086; x_wconf 84' lang='lat' dir='ltr'><strong>affirmant,</strong></span> 
     </span>
     <span class='ocr_line' id='line_1_6' title="bbox 236 1106 1395 1178; baseline -0.001 -17"><span class='ocrx_word' id='word_1_47' title='bbox 236 1125 281 1161; x_wconf 88' lang='lat' dir='ltr'><strong>uon</strong></span> <span class='ocrx_word' id='word_1_48' title='bbox 292 1108 400 1178; x_wconf 87' lang='lat' dir='ltr'><strong>quidem</strong></span> <span class='ocrx_word' id='word_1_49' title='bbox 410 1108 475 1163; x_wconf 83' lang='lat' dir='ltr'><strong>luna</strong></span> <span class='ocrx_word' id='word_1_50' title='bbox 483 1126 541 1173; x_wconf 85' lang='lat' dir='ltr'><strong>xv.,</strong></span> <span class='ocrx_word' id='word_1_51' title='bbox 553 1108 598 1163; x_wconf 92' lang='lat' dir='ltr'><strong>sed</strong></span> <span class='ocrx_word' id='word_1_52' title='bbox 608 1125 682 1163; x_wconf 76' lang='lat' dir='ltr'><strong>xum.</strong></span> <span class='ocrx_word' id='word_1_53' title='bbox 691 1106 792 1171; x_wconf 71' lang='lat' dir='ltr'><strong>Martiir</strong></span> <span class='ocrx_word' id='word_1_54' title='bbox 803 1107 929 1177; x_wconf 87' lang='lat' dir='ltr'><strong>quoniam</strong></span> <span class='ocrx_word' id='word_1_55' title='bbox 940 1106 1051 1160; x_wconf 86' lang='lat' dir='ltr'><strong>ludaeos</strong></span> <span class='ocrx_word' id='word_1_56' title='bbox 1062 1107 1220 1162; x_wconf 71' lang='lat' dir='ltr'>arbitrantur</span> <span class='ocrx_word' id='word_1_57' title='bbox 1230 1125 1284 1161; x_wconf 90' lang='lat' dir='ltr'><strong>uon</strong></span> <span class='ocrx_word' id='word_1_58' title='bbox 1295 1124 1312 1161; x_wconf 91' lang='lat' dir='ltr'><strong>a</strong></span> <span class='ocrx_word' id='word_1_59' title='bbox 1322 1108 1395 1160; x_wconf 78' lang='lat' dir='ltr'><strong>novi-</strong></span> 
     </span>
     <span class='ocr_line' id='line_1_7' title="bbox 235 1191 1395 1263; baseline -0.001 -16"><span class='ocrx_word' id='word_1_60' title='bbox 235 1195 312 1258; x_wconf 88' lang='lat' dir='ltr'><strong>lunio,</strong></span> <span class='ocrx_word' id='word_1_61' title='bbox 322 1193 371 1249; x_wconf 88' lang='lat' dir='ltr'><strong>sed</strong></span> <span class='ocrx_word' id='word_1_62' title='bbox 383 1210 401 1247; x_wconf 86' lang='lat' dir='ltr'><strong>a</strong></span> <span class='ocrx_word' id='word_1_63' title='bbox 412 1194 573 1249; x_wconf 82' lang='lat' dir='ltr'><strong>corniculata</strong></span> <span class='ocrx_word' id='word_1_64' title='bbox 584 1192 672 1263; x_wconf 77' lang='lat' dir='ltr'><strong>effigie</strong></span> <span class='ocrx_word' id='word_1_65' title='bbox 684 1192 835 1247; x_wconf 83' lang='lat' dir='ltr'><strong>neomenias</strong></span> <span class='ocrx_word' id='word_1_66' title='bbox 847 1192 996 1263; x_wconf 68' lang='lat' dir='ltr'><strong>auspicatos</strong></span> <span class='ocrx_word' id='word_1_67' title='bbox 1008 1209 1075 1248; x_wconf 90' lang='lat' dir='ltr'><strong>csse.</strong></span> <span class='ocrx_word' id='word_1_68' title='bbox 1094 1191 1178 1257; x_wconf 86' lang='lat' dir='ltr'><strong>Quam</strong></span> <span class='ocrx_word' id='word_1_69' title='bbox 1187 1210 1236 1247; x_wconf 84' lang='lat' dir='ltr'><strong>nos</strong></span> <span class='ocrx_word' id='word_1_70' title='bbox 1245 1192 1395 1263; x_wconf 77' lang='lat' dir='ltr'><strong>opinionem</strong></span> 
     </span>
     <span class='ocr_line' id='line_1_8' title="bbox 236 1280 582 1351; baseline 0 -18"><span class='ocrx_word' id='word_1_71' title='bbox 236 1280 397 1351; x_wconf 86' lang='lat' dir='ltr'><strong>postmodum</strong></span> <span class='ocrx_word' id='word_1_72' title='bbox 408 1280 582 1335; x_wconf 84' lang='lat' dir='ltr'><strong>excutiemus.</strong></span> 
     </span>
    </p>

    <p class='ocr_par' dir='ltr' id='par_1_3' title="bbox 236 1362 1397 2105">
     <span class='ocr_line' id='line_1_9' title="bbox 294 1362 1395 1437; baseline -0.005 -14"><span class='ocrx_word' id='word_1_73' title='bbox 294 1364 362 1423; x_wconf 81' lang='lat' dir='ltr'><strong>iiam</strong></span> <span class='ocrx_word' id='word_1_74' title='bbox 378 1364 446 1421; x_wconf 86' lang='lat' dir='ltr'><strong>illud</strong></span> <span class='ocrx_word' id='word_1_75' title='bbox 461 1366 546 1437; x_wconf 89' lang='lat' dir='ltr'><strong>primo</strong></span> <span class='ocrx_word' id='word_1_76' title='bbox 555 1364 695 1421; x_wconf 78' lang='lat' dir='ltr'><strong>ridendum</strong></span> <span class='ocrx_word' id='word_1_77' title='bbox 711 1364 788 1419; x_wconf 88' lang='lat' dir='ltr'><strong>nobis</strong></span> <span class='ocrx_word' id='word_1_78' title='bbox 804 1369 844 1417; x_wconf 89' lang='lat' dir='ltr'><strong>est</strong></span> <span class='ocrx_word' id='word_1_79' title='bbox 860 1380 929 1435; x_wconf 84' lang='lat' dir='ltr'><strong>quse</strong></span> <span class='ocrx_word' id='word_1_80' title='bbox 942 1362 1021 1417; x_wconf 79' lang='lat' dir='ltr'><strong>fuerit</strong></span> <span class='ocrx_word' id='word_1_81' title='bbox 1036 1364 1196 1435; x_wconf 88' lang='lat' dir='ltr'><strong>temporibus</strong></span> <span class='ocrx_word' id='word_1_82' title='bbox 1210 1364 1262 1418; x_wconf 88' lang='lat' dir='ltr'><strong>illis</strong></span> <span class='ocrx_word' id='word_1_83' title='bbox 1273 1365 1343 1436; x_wconf 85' lang='lat' dir='ltr'><strong>apud</strong></span> <span class='ocrx_word' id='word_1_84' title='bbox 1354 1366 1395 1418; x_wconf 90' lang='lat' dir='ltr'><strong>lu-</strong></span> 
     </span>
     <span class='ocr_line' id='line_1_10' title="bbox 237 1448 1396 1521; baseline -0.001 -16"><span class='ocrx_word' id='word_1_85' title='bbox 237 1452 305 1505; x_wconf 83' lang='lat' dir='ltr'><strong>daeos</strong></span> <span class='ocrx_word' id='word_1_86' title='bbox 316 1452 382 1507; x_wconf 88' lang='lat' dir='ltr'><strong>anni</strong></span> <span class='ocrx_word' id='word_1_87' title='bbox 393 1451 470 1507; x_wconf 85' lang='lat' dir='ltr'><strong>ratio.</strong></span> <span class='ocrx_word' id='word_1_88' title='bbox 495 1450 569 1515; x_wconf 81' lang='lat' dir='ltr'><strong>Quod</strong></span> <span class='ocrx_word' id='word_1_89' title='bbox 582 1450 621 1504; x_wconf 92' lang='lat' dir='ltr'><strong>illi</strong></span> <span class='ocrx_word' id='word_1_90' title='bbox 631 1466 665 1505; x_wconf 91' lang='lat' dir='ltr'><strong>ne</strong></span> <span class='ocrx_word' id='word_1_91' title='bbox 676 1448 860 1521; x_wconf 89' lang='lat' dir='ltr'><strong>inquirendum</strong></span> <span class='ocrx_word' id='word_1_92' title='bbox 871 1449 977 1521; x_wconf 89' lang='lat' dir='ltr'><strong>quidem</strong></span> <span class='ocrx_word' id='word_1_93' title='bbox 989 1449 1088 1521; x_wconf 90' lang='lat' dir='ltr'><strong>opinati</strong></span> <span class='ocrx_word' id='word_1_94' title='bbox 1099 1455 1161 1503; x_wconf 88' lang='lat' dir='ltr'><strong>sunt</strong></span> <span class='ocrx_word' id='word_1_95' title='bbox 1171 1449 1266 1521; x_wconf 88' lang='lat' dir='ltr'><strong>quibus</strong></span> <span class='ocrx_word' id='word_1_96' title='bbox 1277 1452 1396 1521; x_wconf 84' lang='lat' dir='ltr'><strong>explora·</strong></span> 
     </span>
     <span class='ocr_line' id='line_1_11' title="bbox 237 1534 1395 1593; baseline -0.003 0"><span class='ocrx_word' id='word_1_97' title='bbox 237 1538 358 1593; x_wconf 76' lang='lat' dir='ltr'><strong>usinum</strong></span> <span class='ocrx_word' id='word_1_98' title='bbox 369 1542 429 1591; x_wconf 83' lang='lat' dir='ltr'><strong>erat</strong></span> <span class='ocrx_word' id='word_1_99' title='bbox 439 1534 549 1591; x_wconf 86' lang='lat' dir='ltr'><strong>Iudaeos</strong></span> <span class='ocrx_word' id='word_1_100' title='bbox 561 1536 595 1589; x_wconf 85' lang='lat' dir='ltr'><strong>ad</strong></span> <span class='ocrx_word' id='word_1_101' title='bbox 606 1552 684 1589; x_wconf 88' lang='lat' dir='ltr'><strong>usum</strong></span> <span class='ocrx_word' id='word_1_102' title='bbox 694 1536 821 1589; x_wconf 81' lang='lat' dir='ltr'><strong>festorum</strong></span> <span class='ocrx_word' id='word_1_103' title='bbox 832 1550 864 1589; x_wconf 87' lang='lat' dir='ltr'><strong>ao</strong></span> <span class='ocrx_word' id='word_1_104' title='bbox 875 1536 1023 1589; x_wconf 70' lang='lat' dir='ltr'><strong>solennium</strong></span> <span class='ocrx_word' id='word_1_105' title='bbox 1039 1534 1140 1589; x_wconf 87' lang='lat' dir='ltr'><strong>medios</strong></span> <span class='ocrx_word' id='word_1_106' title='bbox 1154 1534 1232 1588; x_wconf 83' lang='lat' dir='ltr'><strong>lunae</strong></span> <span class='ocrx_word' id='word_1_107' title='bbox 1248 1542 1335 1589; x_wconf 84' lang='lat' dir='ltr'><strong>motus</strong></span> <span class='ocrx_word' id='word_1_108' title='bbox 1351 1536 1395 1589; x_wconf 85' lang='lat' dir='ltr'><strong>ad-</strong></span> 
     </span>
     <span class='ocr_line' id='line_1_12' title="bbox 237 1620 1397 1693; baseline -0.001 -18"><span class='ocrx_word' id='word_1_109' title='bbox 237 1621 355 1687; x_wconf 76' lang='lat' dir='ltr'><strong>hibuisse3</strong></span> <span class='ocrx_word' id='word_1_110' title='bbox 372 1623 413 1677; x_wconf 83' lang='lat' dir='ltr'><strong>ite</strong></span> <span class='ocrx_word' id='word_1_111' title='bbox 429 1628 459 1675; x_wconf 90' lang='lat' dir='ltr'><strong>ut</strong></span> <span class='ocrx_word' id='word_1_112' title='bbox 473 1620 569 1693; x_wconf 81' lang='lat' dir='ltr'><strong>paseha</strong></span> <span class='ocrx_word' id='word_1_113' title='bbox 585 1622 649 1675; x_wconf 86' lang='lat' dir='ltr'><strong>lune</strong></span> <span class='ocrx_word' id='word_1_114' title='bbox 660 1638 715 1677; x_wconf 78' lang='grc' dir='ltr'>ιιι.</span> <span class='ocrx_word' id='word_1_115' title='bbox 727 1620 761 1676; x_wconf 82' lang='lat' dir='ltr'><strong>ud</strong></span> <span class='ocrx_word' id='word_1_116' title='bbox 772 1636 909 1691; x_wconf 80' lang='lat' dir='ltr'><strong>vesperam</strong></span> <span class='ocrx_word' id='word_1_117' title='bbox 921 1625 1096 1691; x_wconf 77' lang='lat' dir='ltr'><strong>perageretur,</strong></span> <span class='ocrx_word' id='word_1_118' title='bbox 1112 1636 1161 1673; x_wconf 92' lang='lat' dir='ltr'><strong>nee</strong></span> <span class='ocrx_word' id='word_1_119' title='bbox 1178 1621 1230 1674; x_wconf 79' lang='lat' dir='ltr'><strong>alio</strong></span> <span class='ocrx_word' id='word_1_120' title='bbox 1242 1620 1268 1673; x_wconf 89' lang='lat' dir='ltr'><strong>id</strong></span> <span class='ocrx_word' id='word_1_121' title='bbox 1279 1625 1397 1691; x_wconf 88' lang='lat' dir='ltr'><strong>tempore</strong></span> 
     </span>
     <span class='ocr_line' id='line_1_13' title="bbox 236 1705 1395 1775; baseline -0.002 -14"><span class='ocrx_word' id='word_1_122' title='bbox 236 1708 350 1763; x_wconf 60' lang='lat' dir='ltr'><strong>celsium</strong></span> <span class='ocrx_word' id='word_1_123' title='bbox 360 1707 405 1761; x_wconf 78' lang='lat' dir='ltr'><strong>ias</strong></span> <span class='ocrx_word' id='word_1_124' title='bbox 416 1714 498 1772; x_wconf 84' lang='lat' dir='ltr'><strong>esset,</strong></span> <span class='ocrx_word' id='word_1_125' title='bbox 514 1712 544 1760; x_wconf 90' lang='lat' dir='ltr'><strong>ut</strong></span> <span class='ocrx_word' id='word_1_126' title='bbox 560 1707 588 1761; x_wconf 87' lang='lat' dir='ltr'><strong>in</strong></span> <span class='ocrx_word' id='word_1_127' title='bbox 598 1706 744 1761; x_wconf 80' lang='lat' dir='ltr'><strong>Annalibus</strong></span> <span class='ocrx_word' id='word_1_128' title='bbox 755 1706 943 1761; x_wconf 79' lang='lat' dir='ltr'><strong>Ecclesiasticie</strong></span> <span class='ocrx_word' id='word_1_129' title='bbox 955 1722 980 1762; x_wconf 85' lang='lat' dir='ltr'><strong>a.</strong></span> <span class='ocrx_word' id='word_1_130' title='bbox 988 1723 1080 1759; x_wconf 79' lang='lat' dir='ltr'><strong>xxxiv.</strong></span> <span class='ocrx_word' id='word_1_131' title='bbox 1092 1722 1164 1760; x_wconf 88' lang='lat' dir='ltr'><strong>num.</strong></span> <span class='ocrx_word' id='word_1_132' title='bbox 1172 1722 1263 1760; x_wconf 78' lang='lat' dir='ltr'><strong>xxxiv.</strong></span> <span class='ocrx_word' id='word_1_133' title='bbox 1275 1705 1395 1775; x_wconf 79' lang='lat' dir='ltr'><strong>legimus.</strong></span> 
     </span>
     <span class='ocr_line' id='line_1_14' title="bbox 237 1791 1396 1861; baseline 0 -16"><span class='ocrx_word' id='word_1_134' title='bbox 237 1794 323 1847; x_wconf 79' lang='lat' dir='ltr'><strong>lerum</strong></span> <span class='ocrx_word' id='word_1_135' title='bbox 335 1810 399 1847; x_wconf 89' lang='lat' dir='ltr'><strong>cum</strong></span> <span class='ocrx_word' id='word_1_136' title='bbox 410 1809 445 1847; x_wconf 85' lang='lat' dir='ltr'><strong>ex</strong></span> <span class='ocrx_word' id='word_1_137' title='bbox 456 1791 505 1846; x_wconf 84' lang='lat' dir='ltr'><strong>hoe</strong></span> <span class='ocrx_word' id='word_1_138' title='bbox 517 1808 570 1847; x_wconf 90' lang='lat' dir='ltr'><strong>uuo</strong></span> <span class='ocrx_word' id='word_1_139' title='bbox 582 1792 654 1847; x_wconf 81' lang='lat' dir='ltr'><strong>toute</strong></span> <span class='ocrx_word' id='word_1_140' title='bbox 666 1792 817 1846; x_wconf 86' lang='lat' dir='ltr'><strong>innumerae</strong></span> <span class='ocrx_word' id='word_1_141' title='bbox 828 1791 889 1845; x_wconf 86' lang='lat' dir='ltr'><strong>illue</strong></span> <span class='ocrx_word' id='word_1_142' title='bbox 900 1796 928 1845; x_wconf 88' lang='lat' dir='ltr'><strong>et</strong></span> <span class='ocrx_word' id='word_1_143' title='bbox 937 1791 1131 1845; x_wconf 85' lang='lat' dir='ltr'><strong>inextricabiles</strong></span> <span class='ocrx_word' id='word_1_144' title='bbox 1140 1791 1332 1845; x_wconf 69' lang='lat' dir='ltr'><strong>conuenereiae</strong></span> <span class='ocrx_word' id='word_1_145' title='bbox 1340 1792 1396 1861; x_wconf 90' lang='lat' dir='ltr'><strong>opi·</strong></span> 
     </span>
     <span class='ocr_line' id='line_1_15' title="bbox 236 1876 1396 1950; baseline -0.002 -19"><span class='ocrx_word' id='word_1_146' title='bbox 236 1880 371 1949; x_wconf 89' lang='lat' dir='ltr'><strong>niouesqne</strong></span> <span class='ocrx_word' id='word_1_147' title='bbox 387 1882 551 1950; x_wconf 81' lang='lat' dir='ltr'><strong>propagatae</strong></span> <span class='ocrx_word' id='word_1_148' title='bbox 567 1878 633 1944; x_wconf 86' lang='lat' dir='ltr'><strong>siut,</strong></span> <span class='ocrx_word' id='word_1_149' title='bbox 648 1878 675 1931; x_wconf 91' lang='lat' dir='ltr'><strong>in</strong></span> <span class='ocrx_word' id='word_1_150' title='bbox 691 1892 777 1931; x_wconf 84' lang='lat' dir='ltr'><strong>arcem</strong></span> <span class='ocrx_word' id='word_1_151' title='bbox 793 1877 878 1948; x_wconf 86' lang='lat' dir='ltr'><strong>ipsam</strong></span> <span class='ocrx_word' id='word_1_152' title='bbox 893 1877 1055 1947; x_wconf 85' lang='lat' dir='ltr'><strong>quaestionis</strong></span> <span class='ocrx_word' id='word_1_153' title='bbox 1070 1876 1245 1931; x_wconf 80' lang='lat' dir='ltr'><strong>invadendum</strong></span> <span class='ocrx_word' id='word_1_154' title='bbox 1259 1876 1336 1929; x_wconf 87' lang='lat' dir='ltr'><strong>uobis</strong></span> <span class='ocrx_word' id='word_1_155' title='bbox 1348 1882 1396 1941; x_wconf 70' lang='grc' dir='ltr'><strong>ιιι,</strong></span> 
     </span>
     <span class='ocr_line' id='line_1_16' title="bbox 238 1961 1396 2037; baseline -0.001 -20"><span class='ocrx_word' id='word_1_156' title='bbox 238 1964 327 2019; x_wconf 79' lang='lat' dir='ltr'><strong>allud</strong></span> <span class='ocrx_word' id='word_1_157' title='bbox 336 1966 428 2037; x_wconf 87' lang='lat' dir='ltr'><strong>ipsum</strong></span> <span class='ocrx_word' id='word_1_158' title='bbox 440 1962 510 2035; x_wconf 83' lang='lat' dir='ltr'><strong>quod</strong></span> <span class='ocrx_word' id='word_1_159' title='bbox 522 1961 659 2033; x_wconf 65' lang='lat' dir='ltr'><strong>diriperae</strong></span> <span class='ocrx_word' id='word_1_160' title='bbox 671 1962 740 2034; x_wconf 87' lang='lat' dir='ltr'><strong>apud</strong></span> <span class='ocrx_word' id='word_1_161' title='bbox 755 1963 896 2017; x_wconf 89' lang='lat' dir='ltr'><strong>nonnullos</strong></span> <span class='ocrx_word' id='word_1_162' title='bbox 914 1964 1002 2017; x_wconf 87' lang='lat' dir='ltr'><strong>locum</strong></span> <span class='ocrx_word' id='word_1_163' title='bbox 1019 1962 1120 2017; x_wconf 90' lang='lat' dir='ltr'><strong>obtinet</strong></span> <span class='ocrx_word' id='word_1_164' title='bbox 1134 1962 1184 2015; x_wconf 93' lang='lat' dir='ltr'><strong>sub</strong></span> <span class='ocrx_word' id='word_1_165' title='bbox 1199 1962 1396 2033; x_wconf 73' lang='lat' dir='ltr'><strong>inquisitionem</strong></span> 
     </span>
     <span class='ocr_line' id='line_1_17' title="bbox 238 2050 382 2105; baseline 0.035 -4"><span class='ocrx_word' id='word_1_166' title='bbox 238 2050 382 2105; x_wconf 67' lang='lat' dir='ltr'><strong>scandum.</strong></span> 
     </span>
    </p>
   </div>
   <div class='ocr_carea' id='block_1_3' title="bbox 238 2201 1497 2271">
    <p class='ocr_par' dir='ltr' id='par_1_4' title="bbox 238 2201 1497 2271">
     <span class='ocr_line' id='line_1_18' title="bbox 238 2201 1497 2271; baseline 0.001 -14"><span class='ocrx_word' id='word_1_167' title='bbox 238 2204 275 2257; x_wconf 82' lang='lat' dir='ltr'><strong>llll</strong></span> <span class='ocrx_word' id='word_1_168' title='bbox 286 2204 368 2259; x_wconf 78' lang='lat' dir='ltr'>ANNI</span> <span class='ocrx_word' id='word_1_169' title='bbox 385 2202 514 2259; x_wconf 78' lang='lat' dir='ltr'><strong>IUDAIGI</strong></span> <span class='ocrx_word' id='word_1_170' title='bbox 531 2202 649 2257; x_wconf 74' lang='lat' dir='ltr'><strong>Fortun</strong></span> <span class='ocrx_word' id='word_1_171' title='bbox 662 2201 760 2267; x_wconf 80' lang='lat' dir='ltr'>QUAM</span> <span class='ocrx_word' id='word_1_172' title='bbox 777 2202 842 2259; x_wconf 83' lang='lat' dir='ltr'><strong>SUB</strong></span> <span class='ocrx_word' id='word_1_173' title='bbox 861 2201 995 2257; x_wconf 71' lang='lat' dir='ltr'><strong>enuisti</strong></span> <span class='ocrx_word' id='word_1_174' title='bbox 1008 2201 1170 2257; x_wconf 73' lang='lat' dir='ltr'>TEMPORA</span> <span class='ocrx_word' id='word_1_175' title='bbox 1183 2201 1395 2257; x_wconf 80' lang='lat' dir='ltr'><strong>TENUERUNT.</strong></span> <span class='ocrx_word' id='word_1_176' title='bbox 1422 2219 1497 2271; x_wconf 69' lang='lat' dir='ltr'><strong>pret.</strong></span> 
     </span>
    </p>
   </div>
   <div class='ocr_carea' id='block_1_4' title="bbox 239 2305 1397 2828">
    <p class='ocr_par' dir='ltr' id='par_1_5' title="bbox 239 2305 1397 2828">
     <span class='ocr_line' id='line_1_19' title="bbox 295 2305 1397 2379; baseline -0.001 -18"><span class='ocrx_word' id='word_1_177' title='bbox 295 2307 400 2379; x_wconf 78' lang='lat' dir='ltr'><strong>Duplex</strong></span> <span class='ocrx_word' id='word_1_178' title='bbox 412 2308 440 2361; x_wconf 87' lang='lat' dir='ltr'><strong>iu</strong></span> <span class='ocrx_word' id='word_1_179' title='bbox 451 2306 628 2361; x_wconf 68' lang='lat' dir='ltr'><strong>Hebraeorum</strong></span> <span class='ocrx_word' id='word_1_180' title='bbox 640 2306 831 2361; x_wconf 84' lang='lat' dir='ltr'><strong>commentariis</strong></span> <span class='ocrx_word' id='word_1_181' title='bbox 844 2306 928 2359; x_wconf 86' lang='lat' dir='ltr'><strong>cirilis</strong></span> <span class='ocrx_word' id='word_1_182' title='bbox 946 2306 1008 2359; x_wconf 87' lang='lat' dir='ltr'><strong>suni</strong></span> <span class='ocrx_word' id='word_1_183' title='bbox 1022 2305 1219 2370; x_wconf 69' lang='lat' dir='ltr'><strong>rationarium,</strong></span> <span class='ocrx_word' id='word_1_184' title='bbox 1235 2312 1346 2376; x_wconf 75' lang='lat' dir='ltr'><strong>unaque</strong></span> <span class='ocrx_word' id='word_1_185' title='bbox 1357 2308 1397 2361; x_wconf 91' lang='lat' dir='ltr'><strong>lu·</strong></span> 
     </span>
     <span class='ocr_line' id='line_1_20' title="bbox 240 2390 1397 2463; baseline 0 -18"><span class='ocrx_word' id='word_1_186' title='bbox 240 2394 312 2458; x_wconf 88' lang='lat' dir='ltr'><strong>uaris,</strong></span> <span class='ocrx_word' id='word_1_187' title='bbox 330 2393 364 2447; x_wconf 88' lang='lat' dir='ltr'><strong>de</strong></span> <span class='ocrx_word' id='word_1_188' title='bbox 380 2408 434 2463; x_wconf 88' lang='lat' dir='ltr'><strong>qua</strong></span> <span class='ocrx_word' id='word_1_189' title='bbox 445 2394 533 2447; x_wconf 83' lang='lat' dir='ltr'><strong>Moses</strong></span> <span class='ocrx_word' id='word_1_190' title='bbox 544 2392 684 2447; x_wconf 79' lang='lat' dir='ltr'><strong>Maimouis</strong></span> <span class='ocrx_word' id='word_1_191' title='bbox 696 2392 725 2449; x_wconf 78' lang='lat' dir='ltr'><strong>F.</strong></span> <span class='ocrx_word' id='word_1_192' title='bbox 739 2397 859 2446; x_wconf 87' lang='lat' dir='ltr'><strong>accurate</strong></span> <span class='ocrx_word' id='word_1_193' title='bbox 876 2391 980 2451; x_wconf 70' lang='lat' dir='ltr'><strong>dissent</strong></span> <span class='ocrx_word' id='word_1_194' title='bbox 994 2396 1069 2463; x_wconf 86' lang='lat' dir='ltr'><strong>parte</strong></span> <span class='ocrx_word' id='word_1_195' title='bbox 1079 2392 1165 2461; x_wconf 87' lang='lat' dir='ltr'><strong>prima</strong></span> <span class='ocrx_word' id='word_1_196' title='bbox 1176 2390 1234 2456; x_wconf 86' lang='lat' dir='ltr'><strong>lad,</strong></span> <span class='ocrx_word' id='word_1_197' title='bbox 1251 2397 1352 2447; x_wconf 83' lang='lat' dir='ltr'><strong>tractat.</strong></span> <span class='ocrx_word' id='word_1_198' title='bbox 1365 2392 1397 2445; x_wconf 92' lang='lat' dir='ltr'><strong>de</strong></span> 
     </span>
     <span class='ocr_line' id='line_1_21' title="bbox 239 2476 1396 2547; baseline 0.002 -18"><span class='ocrx_word' id='word_1_199' title='bbox 239 2476 361 2533; x_wconf 80' lang='lat' dir='ltr'><strong>liildusols</strong></span> <span class='ocrx_word' id='word_1_200' title='bbox 371 2476 539 2533; x_wconf 80' lang='lat' dir='ltr'><strong>hakkodescb</strong></span> <span class='ocrx_word' id='word_1_201' title='bbox 551 2483 578 2531; x_wconf 87' lang='lat' dir='ltr'><strong>et</strong></span> <span class='ocrx_word' id='word_1_202' title='bbox 588 2477 620 2531; x_wconf 88' lang='lat' dir='ltr'><strong>ad</strong></span> <span class='ocrx_word' id='word_1_203' title='bbox 632 2478 743 2533; x_wconf 91' lang='lat' dir='ltr'><strong>eundem</strong></span> <span class='ocrx_word' id='word_1_204' title='bbox 754 2482 893 2531; x_wconf 70' lang='lat' dir='ltr'><strong>utentum</strong></span> <span class='ocrx_word' id='word_1_205' title='bbox 905 2478 1003 2547; x_wconf 80' lang='lat' dir='ltr'><strong>glossa.</strong></span> <span class='ocrx_word' id='word_1_206' title='bbox 1034 2476 1121 2531; x_wconf 87' lang='lat' dir='ltr'><strong>Prima</strong></span> <span class='ocrx_word' id='word_1_207' title='bbox 1132 2482 1218 2531; x_wconf 88' lang='lat' dir='ltr'><strong>stmte</strong></span> <span class='ocrx_word' id='word_1_208' title='bbox 1230 2476 1314 2530; x_wconf 87' lang='lat' dir='ltr'><strong>adhue</strong></span> <span class='ocrx_word' id='word_1_209' title='bbox 1331 2485 1396 2531; x_wconf 87' lang='lat' dir='ltr'><strong>tern-</strong></span> 
     </span>
     <span class='ocr_line' id='line_1_22' title="bbox 240 2561 1397 2634; baseline 0.001 -18"><span class='ocrx_word' id='word_1_210' title='bbox 240 2564 274 2631; x_wconf 91' lang='lat' dir='ltr'><strong>ple</strong></span> <span class='ocrx_word' id='word_1_211' title='bbox 284 2564 383 2619; x_wconf 87' lang='lat' dir='ltr'><strong>usitata</strong></span> <span class='ocrx_word' id='word_1_212' title='bbox 393 2564 456 2629; x_wconf 83' lang='lat' dir='ltr'><strong>fuit,</strong></span> <span class='ocrx_word' id='word_1_213' title='bbox 469 2580 522 2634; x_wconf 90' lang='lat' dir='ltr'><strong>qua</strong></span> <span class='ocrx_word' id='word_1_214' title='bbox 531 2564 683 2617; x_wconf 86' lang='lat' dir='ltr'><strong>neomenias</strong></span> <span class='ocrx_word' id='word_1_215' title='bbox 692 2561 741 2617; x_wconf 73' lang='lat' dir='ltr'><strong>dab</strong></span> <span class='ocrx_word' id='word_1_216' title='bbox 751 2566 793 2630; x_wconf 82' lang='grc' dir='ltr'><strong>τῆς</strong></span> <span class='ocrx_word' id='word_1_217' title='bbox 803 2561 898 2633; x_wconf 73' lang='grc' dir='ltr'><strong>φάσεως</strong></span> <span class='ocrx_word' id='word_1_218' title='bbox 907 2563 1065 2618; x_wconf 84' lang='lat' dir='ltr'><strong>indicebant.</strong></span> <span class='ocrx_word' id='word_1_219' title='bbox 1083 2562 1159 2627; x_wconf 84' lang='lat' dir='ltr'><strong>Quod</strong></span> <span class='ocrx_word' id='word_1_220' title='bbox 1169 2563 1197 2615; x_wconf 90' lang='lat' dir='ltr'><strong>in</strong></span> <span class='ocrx_word' id='word_1_221' title='bbox 1208 2561 1278 2617; x_wconf 87' lang='lat' dir='ltr'><strong>bunc</strong></span> <span class='ocrx_word' id='word_1_222' title='bbox 1289 2564 1397 2617; x_wconf 89' lang='lat' dir='ltr'><strong>modum</strong></span> 
     </span>
     <span class='ocr_line' id='line_1_23' title="bbox 240 2648 1397 2737; baseline 0.003 -38"><span class='ocrx_word' id='word_1_223' title='bbox 240 2648 315 2705; x_wconf 73' lang='lat' dir='ltr'><strong>fiebat.</strong></span> <span class='ocrx_word' id='word_1_224' title='bbox 350 2649 416 2703; x_wconf 78' lang='lat' dir='ltr'><strong>Erat</strong></span> <span class='ocrx_word' id='word_1_225' title='bbox 432 2648 501 2719; x_wconf 86' lang='lat' dir='ltr'><strong>apud</strong></span> <span class='ocrx_word' id='word_1_226' title='bbox 513 2648 622 2703; x_wconf 84' lang='lat' dir='ltr'><strong>Iudaeos</strong></span> <span class='ocrx_word' id='word_1_227' title='bbox 634 2654 682 2737; x_wconf 53' lang='lat'><strong>1³7</strong></span> <span class='ocrx_word' id='word_1_228' title='bbox 695 2654 756 2710; x_wconf 60' lang='lat' dir='ltr'><strong>niz</strong></span> <span class='ocrx_word' id='word_1_229' title='bbox 768 2650 823 2703; x_wconf 78' lang='lat' dir='ltr'><strong>sive</strong></span> <span class='ocrx_word' id='word_1_230' title='bbox 835 2648 969 2720; x_wconf 75' lang='grc' dir='ltr'>συνέδριον,</span> <span class='ocrx_word' id='word_1_231' title='bbox 980 2665 1063 2719; x_wconf 88' lang='lat' dir='ltr'><strong>penes</strong></span> <span class='ocrx_word' id='word_1_232' title='bbox 1073 2648 1144 2718; x_wconf 90' lang='lat' dir='ltr'><strong>quod</strong></span> <span class='ocrx_word' id='word_1_233' title='bbox 1155 2649 1397 2703; x_wconf 88' lang='lat' dir='ltr'><strong>constituendarum</strong></span> 
     </span>
     <span class='ocr_line' id='line_1_24' title="bbox 241 2734 1397 2828; baseline 0.002 -43"><span class='ocrx_word' id='word_1_234' title='bbox 241 2736 426 2789; x_wconf 76' lang='lat' dir='ltr'><strong>neomeniarum</strong></span> <span class='ocrx_word' id='word_1_235' title='bbox 436 2738 554 2805; x_wconf 83' lang='lat' dir='ltr'><strong>potestas</strong></span> <span class='ocrx_word' id='word_1_236' title='bbox 566 2734 707 2799; x_wconf 87' lang='lat' dir='ltr'><strong>residebat,</strong></span> <span class='ocrx_word' id='word_1_237' title='bbox 719 2750 799 2805; x_wconf 86' lang='lat' dir='ltr'><strong>quam</strong></span> <span class='ocrx_word' id='word_1_238' title='bbox 811 2739 931 2828; x_wconf 52' lang='grc' dir='ltr'><strong>τωρ,</strong></span> <span class='ocrx_word' id='word_1_239' title='bbox 942 2736 1173 2787; x_wconf 70' lang='lat' dir='ltr'><strong>determinationem</strong></span> <span class='ocrx_word' id='word_1_240' title='bbox 1183 2740 1284 2788; x_wconf 83' lang='lat' dir='ltr'><strong>vocant</strong></span> <span class='ocrx_word' id='word_1_241' title='bbox 1301 2735 1397 2789; x_wconf 85' lang='lat' dir='ltr'><strong>Huius·</strong></span> 
     </span>
    </p>
   </div>
   <div class='ocr_carea' id='block_1_5' title="bbox 241 2818 1398 2992">
    <p class='ocr_par' dir='ltr' id='par_1_6' title="bbox 241 2818 1398 2992">
     <span class='ocr_line' id='line_1_25' title="bbox 241 2818 1398 2892; baseline 0.001 -20"><span class='ocrx_word' id='word_1_242' title='bbox 241 2820 301 2873; x_wconf 87' lang='lat' dir='ltr'><strong>nodi</strong></span> <span class='ocrx_word' id='word_1_243' title='bbox 312 2820 425 2892; x_wconf 75' lang='grc' dir='ltr'><strong>συνέδρια</strong></span> <span class='ocrx_word' id='word_1_244' title='bbox 436 2820 512 2890; x_wconf 83' lang='lat' dir='ltr'><strong>plura</strong></span> <span class='ocrx_word' id='word_1_245' title='bbox 523 2820 550 2873; x_wconf 89' lang='lat' dir='ltr'><strong>iu</strong></span> <span class='ocrx_word' id='word_1_246' title='bbox 561 2818 708 2875; x_wconf 82' lang='lat' dir='ltr'><strong>Palaestina</strong></span> <span class='ocrx_word' id='word_1_247' title='bbox 720 2836 779 2875; x_wconf 92' lang='lat' dir='ltr'><strong>eum</strong></span> <span class='ocrx_word' id='word_1_248' title='bbox 796 2826 895 2885; x_wconf 89' lang='lat' dir='ltr'><strong>essent,</strong></span> <span class='ocrx_word' id='word_1_249' title='bbox 911 2820 1080 2891; x_wconf 88' lang='lat' dir='ltr'><strong>praecipuum</strong></span> <span class='ocrx_word' id='word_1_250' title='bbox 1096 2826 1152 2873; x_wconf 83' lang='lat' dir='ltr'><strong>erat</strong></span> <span class='ocrx_word' id='word_1_251' title='bbox 1165 2820 1366 2889; x_wconf 79' lang='lat' dir='ltr'><strong>Hierosolymis,</strong></span> <span class='ocrx_word' id='word_1_252' title='bbox 1381 2838 1398 2873; x_wconf 83' lang='lat' dir='ltr'><strong>a</strong></span> 
     </span>
     <span class='ocr_line' id='line_1_26' title="bbox 243 2904 1397 2992; baseline 0.01 -35"><span class='ocrx_word' id='word_1_253' title='bbox 243 2920 284 2973; x_wconf 90' lang='lat' dir='ltr'><strong>quo</strong></span> <span class='ocrx_word' id='word_1_254' title='bbox 300 2912 401 2961; x_wconf 74' lang='lat' dir='ltr'><strong>emtore</strong></span> <span class='ocrx_word' id='word_1_255' title='bbox 418 2905 568 2976; x_wconf 88' lang='lat' dir='ltr'><strong>penderent.</strong></span> <span class='ocrx_word' id='word_1_256' title='bbox 608 2904 700 2975; x_wconf 85' lang='lat' dir='ltr'><strong>ltaque</strong></span> <span class='ocrx_word' id='word_1_257' title='bbox 716 2906 806 2977; x_wconf 83' lang='lat' dir='ltr'><strong>glossa</strong></span> <span class='ocrx_word' id='word_1_258' title='bbox 821 2922 877 2976; x_wconf 87' lang='lat' dir='ltr'><strong>cap.</strong></span> <span class='ocrx_word' id='word_1_259' title='bbox 893 2911 994 2961; x_wconf 82' lang='lat' dir='ltr'><strong>tractet</strong></span> <span class='ocrx_word' id='word_1_260' title='bbox 1010 2905 1144 2960; x_wconf 85' lang='lat' dir='ltr'><strong>Kidduseh</strong></span> <span class='ocrx_word' id='word_1_261' title='bbox 1165 2909 1188 2974; x_wconf 70' lang='grc' dir='ltr'><strong>ξ.</strong></span> <span class='ocrx_word' id='word_1_262' title='bbox 1203 2905 1230 2961; x_wconf 88' lang='grc'><strong>8.</strong></span> <span class='ocrx_word' id='word_1_263' title='bbox 1251 2912 1306 2967; x_wconf 64' lang='lat' dir='ltr'><strong>&#39;titi</strong></span> <span class='ocrx_word' id='word_1_264' title='bbox 1329 2911 1397 2992; x_wconf 62' lang='lat' dir='ltr'><strong>ptri</strong></span> 
     </span>
    </p>
   </div>
   <div class='ocr_carea' id='block_1_6' title="bbox 243 2978 1399 4959">
    <p class='ocr_par' dir='ltr' id='par_1_7' title="bbox 243 2978 1399 4959">
     <span class='ocr_line' id='line_1_27' title="bbox 243 2978 1397 3099; baseline 0.005 -33"><span class='ocrx_word' id='word_1_265' title='bbox 243 2980 380 3071; x_wconf 68' lang='lat' dir='ltr'><strong>intem</strong></span> <span class='ocrx_word' id='word_1_266' title='bbox 404 3012 558 3070; x_wconf 68' lang='lat' dir='ltr'><strong>anaema</strong></span> <span class='ocrx_word' id='word_1_267' title='bbox 576 3012 665 3071; x_wconf 72' lang='lat' dir='ltr'><strong>remo</strong></span> <span class='ocrx_word' id='word_1_268' title='bbox 684 3012 758 3099; x_wconf 70' lang='lat' dir='ltr'><strong>pan</strong></span> <span class='ocrx_word' id='word_1_269' title='bbox 779 2983 824 3069; x_wconf 78' lang='lat' dir='ltr'><strong>i:</strong></span> <span class='ocrx_word' id='word_1_270' title='bbox 846 3009 1026 3094; x_wconf 60' lang='lat' dir='ltr'><strong>numnam</strong></span> <span class='ocrx_word' id='word_1_271' title='bbox 1052 2982 1126 3078; x_wconf 53' lang='lat' dir='ltr'><strong>h&gt;a</strong></span> <span class='ocrx_word' id='word_1_272' title='bbox 1148 2978 1221 3080; x_wconf 66' lang='lat' dir='ltr'><strong>aba</strong></span> <span class='ocrx_word' id='word_1_273' title='bbox 1289 3015 1397 3072; x_wconf 60' lang='lat' dir='ltr'><strong>semro</strong></span> 
     </span>
     <span class='ocr_line' id='line_1_28' title="bbox 243 3064 1398 3189; baseline 0.003 -39"><span class='ocrx_word' id='word_1_274' title='bbox 243 3098 340 3183; x_wconf 65' lang='lat' dir='ltr'><strong>:apert</strong></span> <span class='ocrx_word' id='word_1_275' title='bbox 353 3098 424 3155; x_wconf 79' lang='lat' dir='ltr'><strong>nrm</strong></span> <span class='ocrx_word' id='word_1_276' title='bbox 437 3066 556 3165; x_wconf 60' lang='lat' dir='ltr'><strong>minuo</strong></span> <span class='ocrx_word' id='word_1_277' title='bbox 568 3064 682 3166; x_wconf 56' lang='lat' dir='ltr'><strong>bruun</strong></span> <span class='ocrx_word' id='word_1_278' title='bbox 695 3099 826 3189; x_wconf 60' lang='lat' dir='ltr'><strong>prnsus</strong></span> <span class='ocrx_word' id='word_1_279' title='bbox 838 3098 916 3181; x_wconf 73' lang='lat' dir='ltr'><strong>pur</strong></span> <span class='ocrx_word' id='word_1_280' title='bbox 933 3096 995 3153; x_wconf 62' lang='lat' dir='ltr'><strong>ab:</strong></span> <span class='ocrx_word' id='word_1_281' title='bbox 1010 3066 1056 3165; x_wconf 66' lang='lat' dir='ltr'><strong>b:</strong></span> <span class='ocrx_word' id='word_1_282' title='bbox 1072 3100 1170 3155; x_wconf 61' lang='lat' dir='ltr'><strong>armes</strong></span> <span class='ocrx_word' id='word_1_283' title='bbox 1186 3100 1235 3155; x_wconf 78' lang='lat' dir='ltr'><strong>nrt</strong></span> <span class='ocrx_word' id='word_1_284' title='bbox 1260 3100 1398 3155; x_wconf 62' lang='lat' dir='ltr'><strong>urrann</strong></span> 
     </span>
     <span class='ocr_line' id='line_1_29' title="bbox 243 3176 1397 3249; baseline 0.002 -21"><span class='ocrx_word' id='word_1_285' title='bbox 243 3176 317 3245; x_wconf 76' lang='lat' dir='ltr'><strong>Neque</strong></span> <span class='ocrx_word' id='word_1_286' title='bbox 332 3198 393 3232; x_wconf 82' lang='lat' dir='ltr'><strong>nero</strong></span> <span class='ocrx_word' id='word_1_287' title='bbox 411 3196 455 3231; x_wconf 84' lang='lat' dir='ltr'><strong>noe</strong></span> <span class='ocrx_word' id='word_1_288' title='bbox 472 3182 604 3231; x_wconf 66' lang='lat' dir='ltr'><strong>intuamur</strong></span> <span class='ocrx_word' id='word_1_289' title='bbox 615 3180 703 3243; x_wconf 81' lang='lat' dir='ltr'><strong>alteri,</strong></span> <span class='ocrx_word' id='word_1_290' title='bbox 719 3198 794 3249; x_wconf 84' lang='lat' dir='ltr'><strong>quam</strong></span> <span class='ocrx_word' id='word_1_291' title='bbox 812 3181 952 3248; x_wconf 81' lang='lat' dir='ltr'><strong>definitioni</strong></span> <span class='ocrx_word' id='word_1_292' title='bbox 962 3182 1036 3230; x_wconf 79' lang='lat' dir='ltr'><strong>sacri</strong></span> <span class='ocrx_word' id='word_1_293' title='bbox 1050 3196 1192 3243; x_wconf 63' lang='lat' dir='ltr'><strong>consessum</strong></span> <span class='ocrx_word' id='word_1_294' title='bbox 1204 3183 1320 3248; x_wconf 83' lang='lat' dir='ltr'><strong>quoniam</strong></span> <span class='ocrx_word' id='word_1_295' title='bbox 1332 3180 1397 3231; x_wconf 80' lang='lat' dir='ltr'><strong>laea</strong></span> 
     </span>
     <span class='ocr_line' id='line_1_30' title="bbox 244 3263 1397 3334; baseline 0.003 -23"><span class='ocrx_word' id='word_1_296' title='bbox 244 3266 346 3316; x_wconf 76' lang='lat' dir='ltr'><strong>calmana</strong></span> <span class='ocrx_word' id='word_1_297' title='bbox 358 3272 396 3317; x_wconf 85' lang='lat' dir='ltr'><strong>eet</strong></span> <span class='ocrx_word' id='word_1_298' title='bbox 407 3266 551 3319; x_wconf 63' lang='lat' dir='ltr'><strong>deeimonis.</strong></span> <span class='ocrx_word' id='word_1_299' title='bbox 577 3266 657 3333; x_wconf 78' lang='lat' dir='ltr'><strong>Atqui</strong></span> <span class='ocrx_word' id='word_1_300' title='bbox 672 3264 715 3316; x_wconf 75' lang='lat' dir='ltr'><strong>nic</strong></span> <span class='ocrx_word' id='word_1_301' title='bbox 731 3268 786 3334; x_wconf 85' lang='lat' dir='ltr'><strong>ipse</strong></span> <span class='ocrx_word' id='word_1_302' title='bbox 804 3281 934 3316; x_wconf 79' lang='lat' dir='ltr'><strong>corruerent</strong></span> <span class='ocrx_word' id='word_1_303' title='bbox 947 3263 1192 3330; x_wconf 73' lang='lat' dir='ltr'><strong>Hierosolymitanus</strong></span> <span class='ocrx_word' id='word_1_304' title='bbox 1208 3273 1251 3316; x_wconf 87' lang='lat' dir='ltr'><strong>est.</strong></span> <span class='ocrx_word' id='word_1_305' title='bbox 1277 3264 1397 3324; x_wconf 83' lang='lat' dir='ltr'><strong>Quando·</strong></span> 
     </span>
     <span class='ocr_line' id='line_1_31' title="bbox 244 3348 1398 3418; baseline -0.002 -17"><span class='ocrx_word' id='word_1_306' title='bbox 244 3352 327 3413; x_wconf 79' lang='lat' dir='ltr'><strong>quiden</strong></span> <span class='ocrx_word' id='word_1_307' title='bbox 337 3352 491 3403; x_wconf 80' lang='lat' dir='ltr'><strong>consistorio</strong></span> <span class='ocrx_word' id='word_1_308' title='bbox 500 3352 593 3414; x_wconf 77' lang='lat' dir='ltr'><strong>omitia,</strong></span> <span class='ocrx_word' id='word_1_309' title='bbox 605 3367 669 3418; x_wconf 82' lang='lat' dir='ltr'><strong>qrsae</strong></span> <span class='ocrx_word' id='word_1_310' title='bbox 678 3353 705 3402; x_wconf 93' lang='lat' dir='ltr'><strong>in</strong></span> <span class='ocrx_word' id='word_1_311' title='bbox 714 3348 867 3402; x_wconf 71' lang='lat' dir='ltr'><strong>Isroils&#39;tioa</strong></span> <span class='ocrx_word' id='word_1_312' title='bbox 877 3358 949 3401; x_wconf 75' lang='lat' dir='ltr'><strong>terra</strong></span> <span class='ocrx_word' id='word_1_313' title='bbox 957 3359 1022 3411; x_wconf 73' lang='lat' dir='ltr'><strong>uuirt,</strong></span> <span class='ocrx_word' id='word_1_314' title='bbox 1031 3350 1100 3400; x_wconf 83' lang='lat' dir='ltr'><strong>aciat</strong></span> <span class='ocrx_word' id='word_1_315' title='bbox 1107 3351 1264 3401; x_wconf 84' lang='lat' dir='ltr'><strong>accessiones</strong></span> <span class='ocrx_word' id='word_1_316' title='bbox 1271 3350 1398 3417; x_wconf 79' lang='lat' dir='ltr'><strong>quaedam</strong></span> 
     </span>
     <span class='ocr_line' id='line_1_32' title="bbox 243 3433 1397 3504; baseline 0.004 -22"><span class='ocrx_word' id='word_1_317' title='bbox 243 3445 300 3497; x_wconf 81' lang='lat' dir='ltr'><strong>ant,</strong></span> <span class='ocrx_word' id='word_1_318' title='bbox 312 3434 569 3503; x_wconf 74' lang='lat' dir='ltr'><strong>Hierosolymitannm</strong></span> <span class='ocrx_word' id='word_1_319' title='bbox 580 3452 639 3488; x_wconf 82' lang='lat' dir='ltr'><strong>uero</strong></span> <span class='ocrx_word' id='word_1_320' title='bbox 649 3438 843 3504; x_wconf 74' lang='lat' dir='ltr'><strong>frendomentnm</strong></span> <span class='ocrx_word' id='word_1_321' title='bbox 855 3443 899 3487; x_wconf 81' lang='lat' dir='ltr'><strong>eet.</strong></span> <span class='ocrx_word' id='word_1_322' title='bbox 936 3433 1021 3498; x_wconf 82' lang='lat' dir='ltr'><strong>Quare</strong></span> <span class='ocrx_word' id='word_1_323' title='bbox 1031 3434 1220 3503; x_wconf 72' lang='lat' dir='ltr'><strong>Hierosolymis</strong></span> <span class='ocrx_word' id='word_1_324' title='bbox 1230 3434 1397 3504; x_wconf 88' lang='lat' dir='ltr'><strong>potissimum</strong></span> 
     </span>
     <span class='ocr_line' id='line_1_33' title="bbox 245 3519 1399 3591; baseline 0.002 -20"><span class='ocrx_word' id='word_1_325' title='bbox 245 3534 356 3589; x_wconf 80' lang='lat' dir='ltr'><strong>responsa</strong></span> <span class='ocrx_word' id='word_1_326' title='bbox 366 3520 529 3591; x_wconf 73' lang='lat' dir='ltr'><strong>petebantur.</strong></span> <span class='ocrx_word' id='word_1_327' title='bbox 546 3519 598 3573; x_wconf 85' lang='lat' dir='ltr'><strong>Sed</strong></span> <span class='ocrx_word' id='word_1_328' title='bbox 607 3521 781 3586; x_wconf 80' lang='lat' dir='ltr'><strong>everranrbe,</strong></span> <span class='ocrx_word' id='word_1_329' title='bbox 794 3519 1016 3591; x_wconf 85' lang='lat' dir='ltr'><strong>quamdiuludaei</strong></span> <span class='ocrx_word' id='word_1_330' title='bbox 1026 3519 1399 3573; x_wconf 83' lang='lat' dir='ltr'><strong>inPalaestinaremsneerunt</strong></span> 
     </span>
     <span class='ocr_line' id='line_1_34' title="bbox 246 3604 1398 3677; baseline 0.004 -22"><span class='ocrx_word' id='word_1_331' title='bbox 246 3618 269 3655; x_wconf 82' lang='lat' dir='ltr'><strong>sc</strong></span> <span class='ocrx_word' id='word_1_332' title='bbox 284 3606 403 3677; x_wconf 73' lang='grc' dir='ltr'><strong>συνέδριον</strong></span> <span class='ocrx_word' id='word_1_333' title='bbox 420 3605 518 3659; x_wconf 88' lang='lat' dir='ltr'><strong>ibidem</strong></span> <span class='ocrx_word' id='word_1_334' title='bbox 534 3605 691 3671; x_wconf 87' lang='lat' dir='ltr'><strong>babuerunt,</strong></span> <span class='ocrx_word' id='word_1_335' title='bbox 709 3622 789 3676; x_wconf 87' lang='lat' dir='ltr'><strong>penes</strong></span> <span class='ocrx_word' id='word_1_336' title='bbox 805 3606 870 3659; x_wconf 91' lang='lat' dir='ltr'><strong>illud</strong></span> <span class='ocrx_word' id='word_1_337' title='bbox 885 3606 928 3659; x_wconf 90' lang='lat' dir='ltr'><strong>ius</strong></span> <span class='ocrx_word' id='word_1_338' title='bbox 944 3606 1101 3669; x_wconf 70' lang='lat' dir='ltr'><strong>eunomii,</strong></span> <span class='ocrx_word' id='word_1_339' title='bbox 1118 3622 1254 3676; x_wconf 80' lang='lat' dir='ltr'><strong>quousque</strong></span> <span class='ocrx_word' id='word_1_340' title='bbox 1270 3604 1398 3660; x_wconf 76' lang='lat' dir='ltr'><strong>(ismarae</strong></span> 
     </span>
     <span class='ocr_line' id='line_1_35' title="bbox 245 3686 1399 3762; baseline 0.005 -23"><span class='ocrx_word' id='word_1_341' title='bbox 245 3686 367 3759; x_wconf 71' lang='lat' dir='ltr'><strong>Sapientes</strong></span> <span class='ocrx_word' id='word_1_342' title='bbox 384 3691 529 3757; x_wconf 86' lang='lat' dir='ltr'><strong>desierunt,</strong></span> <span class='ocrx_word' id='word_1_343' title='bbox 549 3692 589 3745; x_wconf 93' lang='lat' dir='ltr'><strong>uti</strong></span> <span class='ocrx_word' id='word_1_344' title='bbox 605 3707 662 3762; x_wconf 86' lang='lat' dir='ltr'><strong>cap.</strong></span> <span class='ocrx_word' id='word_1_345' title='bbox 678 3710 702 3745; x_wconf 89' lang='lat' dir='ltr'><strong>v.</strong></span> <span class='ocrx_word' id='word_1_346' title='bbox 721 3695 744 3759; x_wconf 69' lang='grc' dir='ltr'><strong>ξ.</strong></span> <span class='ocrx_word' id='word_1_347' title='bbox 759 3708 799 3747; x_wconf 86' lang='lat' dir='ltr'><strong>ur.</strong></span> <span class='ocrx_word' id='word_1_348' title='bbox 818 3692 907 3747; x_wconf 83' lang='lat' dir='ltr'><strong>Moses</strong></span> <span class='ocrx_word' id='word_1_349' title='bbox 931 3692 1029 3745; x_wconf 77' lang='lat' dir='ltr'><strong>scribit.</strong></span> <span class='ocrx_word' id='word_1_350' title='bbox 1071 3690 1183 3745; x_wconf 88' lang='lat' dir='ltr'><strong>Proinde</strong></span> <span class='ocrx_word' id='word_1_351' title='bbox 1207 3692 1251 3761; x_wconf 92' lang='lat' dir='ltr'><strong>qni</strong></span> <span class='ocrx_word' id='word_1_352' title='bbox 1275 3692 1399 3745; x_wconf 84' lang='lat' dir='ltr'><strong>vixerunt</strong></span> 
     </span>
     <span class='ocr_line' id='line_1_36' title="bbox 247 3748 1398 3865; baseline 0.006 -34"><span class='ocrx_word' id='word_1_353' title='bbox 247 3780 337 3865; x_wconf 72' lang='lat' dir='ltr'><strong>saep</strong></span> <span class='ocrx_word' id='word_1_354' title='bbox 354 3748 400 3848; x_wconf 68' lang='lat' dir='ltr'><strong>bu</strong></span> <span class='ocrx_word' id='word_1_355' title='bbox 417 3782 504 3839; x_wconf 71' lang='lat' dir='ltr'><strong>stem</strong></span> <span class='ocrx_word' id='word_1_356' title='bbox 523 3784 596 3839; x_wconf 61' lang='lat' dir='ltr'><strong>aaut</strong></span> <span class='ocrx_word' id='word_1_357' title='bbox 613 3782 658 3841; x_wconf 73' lang='lat' dir='ltr'><strong>re</strong></span> <span class='ocrx_word' id='word_1_358' title='bbox 676 3782 799 3840; x_wconf 66' lang='lat' dir='ltr'><strong>suurn</strong></span> <span class='ocrx_word' id='word_1_359' title='bbox 817 3782 908 3839; x_wconf 59' lang='lat' dir='ltr'><strong>*aar</strong></span> <span class='ocrx_word' id='word_1_360' title='bbox 926 3785 1005 3839; x_wconf 65' lang='lat' dir='ltr'><strong>amu</strong></span> <span class='ocrx_word' id='word_1_361' title='bbox 1021 3783 1074 3865; x_wconf 74' lang='lat' dir='ltr'><strong>qur</strong></span> <span class='ocrx_word' id='word_1_362' title='bbox 1093 3782 1197 3839; x_wconf 73' lang='lat' dir='ltr'><strong>asum</strong></span> <span class='ocrx_word' id='word_1_363' title='bbox 1211 3782 1301 3839; x_wconf 64' lang='lat' dir='ltr'><strong>amen</strong></span> <span class='ocrx_word' id='word_1_364' title='bbox 1319 3786 1398 3839; x_wconf 62' lang='lat' dir='ltr'><strong>ame:</strong></span> 
     </span>
     <span class='ocr_line' id='line_1_37' title="bbox 247 3860 1398 3932; baseline 0.003 -18"><span class='ocrx_word' id='word_1_365' title='bbox 247 3864 363 3925; x_wconf 62' lang='lat' dir='ltr'><strong>2⁸le</strong></span> <span class='ocrx_word' id='word_1_366' title='bbox 381 3866 440 3923; x_wconf 64' lang='grc' dir='ltr'><strong>ἹἮ</strong></span> <span class='ocrx_word' id='word_1_367' title='bbox 459 3860 521 3923; x_wconf 65' lang='lat' dir='ltr'><strong>‘ilis</strong></span> <span class='ocrx_word' id='word_1_368' title='bbox 546 3863 579 3914; x_wconf 90' lang='lat' dir='ltr'><strong>In</strong></span> <span class='ocrx_word' id='word_1_369' title='bbox 596 3863 682 3915; x_wconf 86' lang='lat' dir='ltr'><strong>diebus</strong></span> <span class='ocrx_word' id='word_1_370' title='bbox 696 3862 846 3932; x_wconf 75' lang='lat' dir='ltr'><strong>Sapientem</strong></span> <span class='ocrx_word' id='word_1_371' title='bbox 862 3864 947 3915; x_wconf 81' lang='lat' dir='ltr'><strong>Misne</strong></span> <span class='ocrx_word' id='word_1_372' title='bbox 962 3874 987 3916; x_wconf 84' lang='lat' dir='ltr'><strong>et</strong></span> <span class='ocrx_word' id='word_1_373' title='bbox 1000 3863 1149 3932; x_wconf 75' lang='lat' dir='ltr'><strong>Sapientem</strong></span> <span class='ocrx_word' id='word_1_374' title='bbox 1166 3865 1306 3926; x_wconf 82' lang='lat' dir='ltr'><strong>Gemarae,</strong></span> <span class='ocrx_word' id='word_1_375' title='bbox 1322 3882 1398 3932; x_wconf 78' lang='lat' dir='ltr'><strong>nsqtae</strong></span> 
     </span>
     <span class='ocr_line' id='line_1_38' title="bbox 247 3946 1398 4010; baseline 0.005 -15"><span class='ocrx_word' id='word_1_376' title='bbox 247 3948 277 3995; x_wconf 88' lang='lat' dir='ltr'><strong>od</strong></span> <span class='ocrx_word' id='word_1_377' title='bbox 283 3946 362 4001; x_wconf 69' lang='lat' dir='ltr'><strong>mota</strong></span> <span class='ocrx_word' id='word_1_378' title='bbox 370 3948 456 3999; x_wconf 73' lang='lat' dir='ltr'><strong>scats</strong></span> <span class='ocrx_word' id='word_1_379' title='bbox 465 3956 490 4001; x_wconf 86' lang='lat' dir='ltr'><strong>et</strong></span> <span class='ocrx_word' id='word_1_380' title='bbox 497 3948 589 3999; x_wconf 77' lang='lat' dir='ltr'><strong>Ralla</strong></span> <span class='ocrx_word' id='word_1_381' title='bbox 595 3984 603 4010; x_wconf 93' lang='lat'>,</span> <span class='ocrx_word' id='word_1_382' title='bbox 613 3948 822 4001; x_wconf 80' lang='lat' dir='ltr'><strong>determinatione</strong></span> <span class='ocrx_word' id='word_1_383' title='bbox 831 3948 998 4001; x_wconf 70' lang='lat' dir='ltr'><strong>Israe‘ls&#39;tt&#39;coe</strong></span> <span class='ocrx_word' id='word_1_384' title='bbox 1007 3960 1093 4001; x_wconf 78' lang='lat' dir='ltr'><strong>terrae</strong></span> <span class='ocrx_word' id='word_1_385' title='bbox 1102 3948 1255 4003; x_wconf 80' lang='lat' dir='ltr'><strong>nitebantur.</strong></span> <span class='ocrx_word' id='word_1_386' title='bbox 1270 3949 1398 4003; x_wconf 84' lang='lat' dir='ltr'><strong>Postremi</strong></span> 
     </span>
     <span class='ocr_line' id='line_1_39' title="bbox 247 4026 1398 4104; baseline 0.004 -24"><span class='ocrx_word' id='word_1_387' title='bbox 247 4026 385 4099; x_wconf 84' lang='lat' dir='ltr'><strong>Sapientum</strong></span> <span class='ocrx_word' id='word_1_388' title='bbox 401 4032 486 4085; x_wconf 81' lang='lat' dir='ltr'><strong>llisne</strong></span> <span class='ocrx_word' id='word_1_389' title='bbox 502 4032 592 4085; x_wconf 75' lang='lat' dir='ltr'><strong>vixere</strong></span> <span class='ocrx_word' id='word_1_390' title='bbox 609 4032 677 4085; x_wconf 86' lang='lat' dir='ltr'><strong>circa</strong></span> <span class='ocrx_word' id='word_1_391' title='bbox 693 4038 811 4104; x_wconf 87' lang='lat' dir='ltr'><strong>tempora</strong></span> <span class='ocrx_word' id='word_1_392' title='bbox 827 4034 965 4099; x_wconf 81' lang='lat' dir='ltr'><strong>Antonini,</strong></span> <span class='ocrx_word' id='word_1_393' title='bbox 982 4033 1079 4087; x_wconf 78' lang='lat' dir='ltr'><strong>Christi</strong></span> <span class='ocrx_word' id='word_1_394' title='bbox 1090 4049 1146 4087; x_wconf 74' lang='lat' dir='ltr'><strong>ou:</strong></span> <span class='ocrx_word' id='word_1_395' title='bbox 1170 4039 1199 4085; x_wconf 88' lang='lat' dir='ltr'><strong>at</strong></span> <span class='ocrx_word' id='word_1_396' title='bbox 1210 4033 1349 4087; x_wconf 86' lang='lat' dir='ltr'><strong>Gomaraoi</strong></span> <span class='ocrx_word' id='word_1_397' title='bbox 1365 4033 1398 4086; x_wconf 85' lang='lat' dir='ltr'><strong>ad</strong></span> 
     </span>
     <span class='ocr_line' id='line_1_40' title="bbox 248 4116 1398 4189; baseline 0.002 -22"><span class='ocrx_word' id='word_1_398' title='bbox 248 4129 331 4171; x_wconf 84' lang='lat' dir='ltr'><strong>annum</strong></span> <span class='ocrx_word' id='word_1_399' title='bbox 342 4117 395 4171; x_wconf 82' lang='lat' dir='ltr'><strong>tere</strong></span> <span class='ocrx_word' id='word_1_400' title='bbox 408 4134 443 4181; x_wconf 72' lang='grc' dir='ltr'><strong>ι),</strong></span> <span class='ocrx_word' id='word_1_401' title='bbox 457 4122 486 4169; x_wconf 91' lang='lat' dir='ltr'><strong>ut</strong></span> <span class='ocrx_word' id='word_1_402' title='bbox 495 4116 607 4171; x_wconf 84' lang='lat' dir='ltr'><strong>German</strong></span> <span class='ocrx_word' id='word_1_403' title='bbox 616 4116 699 4172; x_wconf 84' lang='lat' dir='ltr'><strong>David</strong></span> <span class='ocrx_word' id='word_1_404' title='bbox 707 4118 866 4175; x_wconf 87' lang='lat' dir='ltr'><strong>fidemiacit.</strong></span> <span class='ocrx_word' id='word_1_405' title='bbox 884 4120 950 4173; x_wconf 84' lang='lat' dir='ltr'><strong>Toto</strong></span> <span class='ocrx_word' id='word_1_406' title='bbox 961 4120 1041 4188; x_wconf 76' lang='lat' dir='ltr'><strong>igitur</strong></span> <span class='ocrx_word' id='word_1_407' title='bbox 1051 4120 1097 4171; x_wconf 90' lang='lat' dir='ltr'><strong>illo</strong></span> <span class='ocrx_word' id='word_1_408' title='bbox 1107 4124 1224 4189; x_wconf 89' lang='lat' dir='ltr'><strong>tempore</strong></span> <span class='ocrx_word' id='word_1_409' title='bbox 1235 4116 1284 4170; x_wconf 74' lang='grc' dir='ltr'><strong>ἀπὸ</strong></span> <span class='ocrx_word' id='word_1_410' title='bbox 1296 4123 1338 4184; x_wconf 78' lang='grc' dir='ltr'><strong>τῆς</strong></span> <span class='ocrx_word' id='word_1_411' title='bbox 1351 4117 1398 4186; x_wconf 77' lang='lat' dir='ltr'><strong>pt·</strong></span> 
     </span>
     <span class='ocr_line' id='line_1_41' title="bbox 248 4202 1398 4275; baseline -0.005 -14"><span class='ocrx_word' id='word_1_412' title='bbox 248 4216 297 4261; x_wconf 63' lang='lat' dir='ltr'><strong>nm</strong></span> <span class='ocrx_word' id='word_1_413' title='bbox 312 4210 437 4274; x_wconf 75' lang='lat' dir='ltr'><strong>atquem</strong></span> <span class='ocrx_word' id='word_1_414' title='bbox 455 4202 592 4257; x_wconf 77' lang='lat' dir='ltr'><strong>israelitici</strong></span> <span class='ocrx_word' id='word_1_415' title='bbox 607 4218 746 4257; x_wconf 84' lang='lat' dir='ltr'><strong>consessus</strong></span> <span class='ocrx_word' id='word_1_416' title='bbox 762 4205 922 4275; x_wconf 83' lang='lat' dir='ltr'><strong>praescripto</strong></span> <span class='ocrx_word' id='word_1_417' title='bbox 933 4204 1084 4256; x_wconf 88' lang='lat' dir='ltr'><strong>neomenias</strong></span> <span class='ocrx_word' id='word_1_418' title='bbox 1096 4203 1258 4259; x_wconf 87' lang='lat' dir='ltr'><strong>ordinabant.</strong></span> <span class='ocrx_word' id='word_1_419' title='bbox 1283 4202 1398 4266; x_wconf 83' lang='lat' dir='ltr'><strong>Quarum</strong></span> 
     </span>
     <span class='ocr_line' id='line_1_42' title="bbox 249 4286 1398 4359; baseline 0.001 -20"><span class='ocrx_word' id='word_1_420' title='bbox 249 4286 338 4354; x_wconf 83' lang='lat' dir='ltr'><strong>quidem</strong></span> <span class='ocrx_word' id='word_1_421' title='bbox 349 4288 588 4343; x_wconf 81' lang='lat' dir='ltr'><strong>mustitueudarum</strong></span> <span class='ocrx_word' id='word_1_422' title='bbox 600 4304 631 4342; x_wconf 87' lang='lat' dir='ltr'><strong>ea</strong></span> <span class='ocrx_word' id='word_1_423' title='bbox 642 4288 780 4359; x_wconf 85' lang='lat' dir='ltr'><strong>disciplina</strong></span> <span class='ocrx_word' id='word_1_424' title='bbox 790 4288 848 4343; x_wconf 82' lang='lat' dir='ltr'><strong>tuit.</strong></span> <span class='ocrx_word' id='word_1_425' title='bbox 873 4288 955 4341; x_wconf 87' lang='lat' dir='ltr'><strong>Veros</strong></span> <span class='ocrx_word' id='word_1_426' title='bbox 967 4293 993 4339; x_wconf 90' lang='lat' dir='ltr'><strong>et</strong></span> <span class='ocrx_word' id='word_1_427' title='bbox 1004 4294 1140 4343; x_wconf 84' lang='lat' dir='ltr'><strong>accuratos</strong></span> <span class='ocrx_word' id='word_1_428' title='bbox 1151 4290 1230 4343; x_wconf 87' lang='lat' dir='ltr'><strong>lunae</strong></span> <span class='ocrx_word' id='word_1_429' title='bbox 1240 4294 1342 4351; x_wconf 87' lang='lat' dir='ltr'><strong>metue,</strong></span> <span class='ocrx_word' id='word_1_430' title='bbox 1359 4294 1398 4341; x_wconf 90' lang='lat' dir='ltr'><strong>at·</strong></span> 
     </span>
     <span class='ocr_line' id='line_1_43' title="bbox 249 4373 1397 4467; baseline 0.002 -43"><span class='ocrx_word' id='word_1_431' title='bbox 249 4386 300 4438; x_wconf 82' lang='lat' dir='ltr'><strong>que,</strong></span> <span class='ocrx_word' id='word_1_432' title='bbox 311 4380 340 4427; x_wconf 89' lang='lat' dir='ltr'><strong>nt</strong></span> <span class='ocrx_word' id='word_1_433' title='bbox 349 4376 479 4446; x_wconf 89' lang='lat' dir='ltr'><strong>loquutur,</strong></span> <span class='ocrx_word' id='word_1_434' title='bbox 497 4378 627 4467; x_wconf 62' lang='grc' dir='ltr'><strong>ΡῚὯὯ</strong></span> <span class='ocrx_word' id='word_1_435' title='bbox 643 4390 677 4427; x_wconf 88' lang='lat' dir='ltr'><strong>ex</strong></span> <span class='ocrx_word' id='word_1_436' title='bbox 692 4374 873 4429; x_wconf 78' lang='lat' dir='ltr'><strong>astronomicis</strong></span> <span class='ocrx_word' id='word_1_437' title='bbox 885 4373 982 4427; x_wconf 82' lang='lat' dir='ltr'><strong>tabulis</strong></span> <span class='ocrx_word' id='word_1_438' title='bbox 994 4388 1133 4427; x_wconf 87' lang='lat' dir='ltr'><strong>consessus</strong></span> <span class='ocrx_word' id='word_1_439' title='bbox 1144 4374 1188 4427; x_wconf 92' lang='lat' dir='ltr'><strong>ille</strong></span> <span class='ocrx_word' id='word_1_440' title='bbox 1199 4374 1397 4443; x_wconf 79' lang='lat' dir='ltr'><strong>diligentissime</strong></span> 
     </span>
     <span class='ocr_line' id='line_1_44' title="bbox 250 4405 1398 4532; baseline 0.002 -22"><span class='ocrx_word' id='word_1_441' title='bbox 250 4460 397 4515; x_wconf 72' lang='lat' dir='ltr'><strong>mutetur</strong></span> <span class='ocrx_word' id='word_1_442' title='bbox 413 4405 618 4532; x_wconf 78' lang='lat' dir='ltr'><strong>explornbsiquo</strong></span> <span class='ocrx_word' id='word_1_443' title='bbox 635 4476 699 4515; x_wconf 92' lang='lat' dir='ltr'><strong>uum</strong></span> <span class='ocrx_word' id='word_1_444' title='bbox 715 4460 779 4514; x_wconf 86' lang='lat' dir='ltr'><strong>luna</strong></span> <span class='ocrx_word' id='word_1_445' title='bbox 796 4476 844 4513; x_wconf 92' lang='lat' dir='ltr'><strong>suo</strong></span> <span class='ocrx_word' id='word_1_446' title='bbox 861 4464 978 4529; x_wconf 86' lang='lat' dir='ltr'><strong>tempore</strong></span> <span class='ocrx_word' id='word_1_447' title='bbox 989 4456 1127 4511; x_wconf 85' lang='lat' dir='ltr'><strong>ridendam</strong></span> <span class='ocrx_word' id='word_1_448' title='bbox 1146 4474 1174 4510; x_wconf 89' lang='lat' dir='ltr'><strong>se</strong></span> <span class='ocrx_word' id='word_1_449' title='bbox 1194 4458 1341 4528; x_wconf 86' lang='lat' dir='ltr'><strong>praeberet,</strong></span> <span class='ocrx_word' id='word_1_450' title='bbox 1358 4460 1398 4512; x_wconf 92' lang='lat' dir='ltr'><strong>ni-</strong></span> 
     </span>
     <span class='ocr_line' id='line_1_45' title="bbox 250 4542 1398 4615; baseline 0 -16"><span class='ocrx_word' id='word_1_451' title='bbox 250 4542 329 4599; x_wconf 77' lang='lat' dir='ltr'><strong>uuum</strong></span> <span class='ocrx_word' id='word_1_452' title='bbox 343 4546 475 4601; x_wconf 80' lang='lat' dir='ltr'><strong>uicesima</strong></span> <span class='ocrx_word' id='word_1_453' title='bbox 490 4550 578 4611; x_wconf 88' lang='lat' dir='ltr'><strong>nocte,</strong></span> <span class='ocrx_word' id='word_1_454' title='bbox 595 4551 626 4599; x_wconf 90' lang='lat' dir='ltr'><strong>nt</strong></span> <span class='ocrx_word' id='word_1_455' title='bbox 642 4546 668 4598; x_wconf 92' lang='lat' dir='ltr'><strong>in</strong></span> <span class='ocrx_word' id='word_1_456' title='bbox 686 4560 745 4601; x_wconf 85' lang='lat' dir='ltr'><strong>eam</strong></span> <span class='ocrx_word' id='word_1_457' title='bbox 757 4543 828 4615; x_wconf 73' lang='grc' dir='ltr'>φάσις</span> <span class='ocrx_word' id='word_1_458' title='bbox 843 4545 980 4606; x_wconf 88' lang='lat' dir='ltr'><strong>incideret,</strong></span> <span class='ocrx_word' id='word_1_459' title='bbox 997 4544 1052 4597; x_wconf 83' lang='lat' dir='ltr'><strong>eive</strong></span> <span class='ocrx_word' id='word_1_460' title='bbox 1069 4544 1154 4614; x_wconf 89' lang='lat' dir='ltr'><strong>prima</strong></span> <span class='ocrx_word' id='word_1_461' title='bbox 1170 4544 1301 4607; x_wconf 87' lang='lat' dir='ltr'><strong>accensio,</strong></span> <span class='ocrx_word' id='word_1_462' title='bbox 1318 4558 1398 4613; x_wconf 86' lang='lat' dir='ltr'><strong>quam</strong></span> 
     </span>
     <span class='ocr_line' id='line_1_46' title="bbox 251 4629 1397 4701; baseline -0.003 -16"><span class='ocrx_word' id='word_1_463' title='bbox 251 4632 324 4690; x_wconf 57' lang='grc' dir='ltr'><strong>ΝΜ</strong></span> <span class='ocrx_word' id='word_1_464' title='bbox 340 4636 444 4686; x_wconf 80' lang='lat' dir='ltr'><strong>vocant.</strong></span> <span class='ocrx_word' id='word_1_465' title='bbox 478 4631 516 4685; x_wconf 82' lang='lat' dir='ltr'><strong>Ao</strong></span> <span class='ocrx_word' id='word_1_466' title='bbox 532 4631 555 4684; x_wconf 90' lang='lat' dir='ltr'><strong>si</strong></span> <span class='ocrx_word' id='word_1_467' title='bbox 572 4630 712 4684; x_wconf 88' lang='lat' dir='ltr'><strong>intuendae</strong></span> <span class='ocrx_word' id='word_1_468' title='bbox 728 4630 799 4685; x_wconf 88' lang='lat' dir='ltr'><strong>illius</strong></span> <span class='ocrx_word' id='word_1_469' title='bbox 815 4630 918 4701; x_wconf 85' lang='lat' dir='ltr'><strong>copiam</strong></span> <span class='ocrx_word' id='word_1_470' title='bbox 934 4629 990 4682; x_wconf 86' lang='lat' dir='ltr'><strong>tore</strong></span> <span class='ocrx_word' id='word_1_471' title='bbox 1005 4634 1204 4698; x_wconf 78' lang='lat' dir='ltr'><strong>cognoscerent,</strong></span> <span class='ocrx_word' id='word_1_472' title='bbox 1221 4629 1397 4699; x_wconf 84' lang='lat' dir='ltr'><strong>speculatores</strong></span> 
     </span>
     <span class='ocr_line' id='line_1_47' title="bbox 252 4714 1397 4785; baseline 0.003 -20"><span class='ocrx_word' id='word_1_473' title='bbox 252 4716 413 4781; x_wconf 70' lang='lat' dir='ltr'><strong>apponebant,</strong></span> <span class='ocrx_word' id='word_1_474' title='bbox 424 4716 469 4785; x_wconf 90' lang='lat' dir='ltr'><strong>qui</strong></span> <span class='ocrx_word' id='word_1_475' title='bbox 478 4716 566 4769; x_wconf 83' lang='lat' dir='ltr'><strong>statim</strong></span> <span class='ocrx_word' id='word_1_476' title='bbox 575 4732 605 4771; x_wconf 88' lang='lat' dir='ltr'><strong>ac</strong></span> <span class='ocrx_word' id='word_1_477' title='bbox 613 4722 763 4770; x_wconf 86' lang='lat' dir='ltr'><strong>nascentem</strong></span> <span class='ocrx_word' id='word_1_478' title='bbox 772 4717 862 4770; x_wconf 83' lang='lat' dir='ltr'><strong>lunam</strong></span> <span class='ocrx_word' id='word_1_479' title='bbox 871 4720 1072 4785; x_wconf 85' lang='lat' dir='ltr'><strong>prospexerant,</strong></span> <span class='ocrx_word' id='word_1_480' title='bbox 1082 4714 1197 4768; x_wconf 80' lang='lat' dir='ltr'><strong>Concilio</strong></span> <span class='ocrx_word' id='word_1_481' title='bbox 1206 4715 1397 4770; x_wconf 88' lang='lat' dir='ltr'><strong>renuntiabant.</strong></span> 
     </span>
     <span class='ocr_line' id='line_1_48' title="bbox 253 4794 1399 4871; baseline 0 -18"><span class='ocrx_word' id='word_1_482' title='bbox 253 4794 293 4848; x_wconf 76' lang='lat' dir='ltr'><strong>Sed</strong></span> <span class='ocrx_word' id='word_1_483' title='bbox 303 4800 327 4853; x_wconf 90' lang='lat' dir='ltr'><strong>in</strong></span> <span class='ocrx_word' id='word_1_484' title='bbox 337 4802 442 4854; x_wconf 89' lang='lat' dir='ltr'><strong>testium</strong></span> <span class='ocrx_word' id='word_1_485' title='bbox 452 4800 554 4855; x_wconf 89' lang='lat' dir='ltr'><strong>delectu</strong></span> <span class='ocrx_word' id='word_1_486' title='bbox 562 4818 666 4856; x_wconf 85' lang='lat' dir='ltr'><strong>morosa</strong></span> <span class='ocrx_word' id='word_1_487' title='bbox 674 4818 705 4855; x_wconf 86' lang='lat' dir='ltr'><strong>sc</strong></span> <span class='ocrx_word' id='word_1_488' title='bbox 713 4802 895 4871; x_wconf 85' lang='lat' dir='ltr'><strong>superstitiose</strong></span> <span class='ocrx_word' id='word_1_489' title='bbox 903 4800 1039 4869; x_wconf 84' lang='lat' dir='ltr'><strong>diligentia</strong></span> <span class='ocrx_word' id='word_1_490' title='bbox 1051 4816 1117 4870; x_wconf 87' lang='lat' dir='ltr'><strong>opus</strong></span> <span class='ocrx_word' id='word_1_491' title='bbox 1128 4804 1196 4863; x_wconf 87' lang='lat' dir='ltr'><strong>erat,</strong></span> <span class='ocrx_word' id='word_1_492' title='bbox 1209 4816 1288 4869; x_wconf 83' lang='lat' dir='ltr'><strong>quam</strong></span> <span class='ocrx_word' id='word_1_493' title='bbox 1299 4801 1399 4871; x_wconf 87' lang='lat' dir='ltr'><strong>aliquot</strong></span> 
     </span>
     <span class='ocr_line' id='line_1_49' title="bbox 254 4883 1399 4959; baseline 0.002 -22"><span class='ocrx_word' id='word_1_494' title='bbox 254 4883 362 4951; x_wconf 72' lang='lat' dir='ltr'><strong>capitibus</strong></span> <span class='ocrx_word' id='word_1_495' title='bbox 373 4886 518 4941; x_wconf 83' lang='lat' dir='ltr'><strong>Talmudici</strong></span> <span class='ocrx_word' id='word_1_496' title='bbox 534 4894 637 4943; x_wconf 86' lang='lat' dir='ltr'><strong>autores</strong></span> <span class='ocrx_word' id='word_1_497' title='bbox 654 4888 794 4959; x_wconf 81' lang='lat' dir='ltr'><strong>explicant.</strong></span> <span class='ocrx_word' id='word_1_498' title='bbox 830 4886 881 4941; x_wconf 92' lang='lat' dir='ltr'><strong>Ubi</strong></span> <span class='ocrx_word' id='word_1_499' title='bbox 896 4884 929 4940; x_wconf 90' lang='lat' dir='ltr'><strong>de</strong></span> <span class='ocrx_word' id='word_1_500' title='bbox 944 4885 1047 4941; x_wconf 88' lang='lat' dir='ltr'><strong>risione</strong></span> <span class='ocrx_word' id='word_1_501' title='bbox 1061 4891 1229 4952; x_wconf 76' lang='lat' dir='ltr'><strong>convenerat,</strong></span> <span class='ocrx_word' id='word_1_502' title='bbox 1245 4892 1302 4941; x_wconf 92' lang='lat' dir='ltr'><strong>tum</strong></span> <span class='ocrx_word' id='word_1_503' title='bbox 1316 4886 1399 4957; x_wconf 77' lang='lat' dir='ltr'><strong>legati</strong></span> 
     </span>
    </p>
   </div>
   <div class='ocr_carea' id='block_1_7' title="bbox 0 0 1850 5642">
    <p class='ocr_par' dir='ltr' id='par_1_8' title="bbox 0 0 1850 5642">
     <span class='ocr_line' id='line_1_50' title="bbox 0 0 1850 5642; baseline 0 0"><span class='ocrx_word' id='word_1_504' title='bbox 0 0 1850 5642; x_wconf 95' lang='lat' dir='ltr'><strong> </strong></span> 
     </span>
    </p>
   </div>
  </div>
 </body>
</html>
