3650 5642
1219 610 1389 669 CLXXXVII

239 758 460 825 nundinarent,
470 758 520 813 hoc
531 760 704 828 estllaiirx,
716 761 949 829 Basilidianorum,
962 764 1007 833 qui
1015 766 1144 835 malphi,
1155 766 1209 821 aire
1218 765 1313 832 lanx,
1325 768 1387 821 alio-

237 862 298 899 rum
313 845 419 916 deique
435 846 492 915 qui,
506 852 539 898 ut
552 844 726 917 Epiphanius,
743 866 779 901 11.
788 848 863 917 Tybi.
896 849 956 919 Ipse
967 864 1028 903 raro
1041 851 1160 905 Clemens
1173 852 1279 905 anatali
1290 851 1389 907 domini

238 931 272 982 ad
284 931 376 985 obitum
389 930 526 983 Commodi
537 946 619 985 annos
629 937 750 985 numerat
761 948 850 998 cncrv,
861 950 980 987 mensem
992 954 1013 999 1,
1025 934 1081 989 dies
1092 952 1150 990 xm.
1180 937 1253 1001 Quod
1265 937 1288 989 si
1298 952 1389 992 verum

238 1022 318 1080 met,
326 1016 421 1070 natalis
432 1015 528 1069 Christi
538 1017 686 1070 conveniret
695 1017 777 1087 Athyr
787 1036 863 1083 nnn,
879 1020 924 1088 qui
941 1026 980 1073 est
990 1019 1055 1073 Nor.
1063 1038 1137 1075 nrm.
1149 1020 1307 1077 Commodus
1319 1025 1388 1077 eninr

239 1102 301 1153 obiit
313 1116 379 1155 anno
396 1118 473 1155 aerae
489 1102 664 1171 Dionysianae
681 1104 977 1174 exsuperantur.
1011 1104 1094 1159 Natus
1113 1107 1193 1177 igitur
1209 1109 1258 1161 erit
1273 1108 1388 1163 Christus

237 1186 333 1239 Iuliano
346 1203 423 1242 xsrrr.
440 1186 506 1240 Nor.
525 1204 599 1241 arm.
632 1187 685 1241 Sed
699 1195 774 1242 retus
794 1194 821 1241 et
836 1190 870 1242 ab
886 1190 958 1243 omni
975 1190 1084 1243 ecclesia
1100 1198 1203 1263 recepta
1219 1193 1323 1247 traditio
1340 1200 1388 1260 est,

238 1270 362 1325 Ohnsturu
370 1272 501 1327 liseur.
510 1278 601 1326 natum
609 1289 679 1338 sese,
691 1288 770 1343 quam
781 1290 858 1328 nemo
869 1275 982 1345 prudens
995 1280 1090 1329 temere
1101 1277 1285 1334 sollicitaverit.
1304 1278 1388 1343 Quare

237 1356 338 1410 ridicula
348 1364 376 1410 et
386 1357 550 1427 explodenda
560 1358 736 1428 sstScaligeri
753 1359 889 1425 diuinatio,
906 1360 953 1430 qni
968 1360 995 1413 in
1012 1360 1122 1431 append.
1136 1363 1220 1432 operis
1238 1364 1269 1417 de
1281 1364 1388 1419 Emend.

238 1442 321 1513 Temp
332 1450 359 1496 et
369 1442 439 1512 laag.
452 1442 516 1496 Can.
524 1461 563 1499 nr.
576 1460 610 1497 ax
621 1442 828 1513 ephemeriarum
838 1450 865 1497 et
879 1445 1077 1500 sacerdotalium
1091 1446 1254 1501 functionum
1268 1450 1331 1503 orbe
1342 1466 1388 1504 na·

237 1528 311 1580 talem
321 1525 418 1581 carini
433 1529 622 1583 coniiciendum
638 1530 732 1582 mserit
745 1530 773 1583 in
784 1528 856 1600 Sept
867 1536 1015 1586 exeuntem.
1051 1530 1124 1595 Quod
1139 1548 1240 1585 merum
1256 1536 1388 1589 somnium

237 1619 273 1663 est
287 1628 370 1683 nsque
379 1613 435 1667 ulla
446 1613 666 1668 demonstratione
677 1620 801 1669 autcario
810 1615 897 1685 aliquo
905 1614 1069 1670 &memento
1080 1617 1177 1673 nititur.
1197 1618 1313 1673 Primum
1325 1622 1387 1691 quia

236 1698 346 1750 nondam
356 1698 422 1751 satis
433 1699 596 1769 exploratum
608 1704 649 1752 est
659 1716 726 1769 quas
736 1700 815 1753 inerit
825 1701 895 1769 apud
905 1701 1014 1756 ludaeos
1030 1702 1092 1755 anui
1108 1716 1139 1755 ae
1153 1704 1284 1757 mensium
1301 1704 1387 1776 dispo·

237 1784 300 1838 sitio.
333 1782 432 1837 Deinde
446 1799 496 1837 aec
511 1784 575 1837 illud
591 1790 688 1838 certum
704 1791 756 1850 est,
773 1792 861 1839 utrum
874 1786 952 1839 Iudas
964 1788 1134 1841 Maccabaeae
1152 1804 1211 1841 cum
1222 1789 1349 1843 sacrificia
1360 1796 1387 1844 et

237 1868 392 1921 marlotum
401 1868 549 1923 iunctiones
560 1870 726 1935 instauraret,
739 1866 830 1922 ἄνωθεν
842 1870 882 1922 aci
898 1869 1011 1943 ἀπορχῆς
1027 1871 1231 1943 ephemeriarum
1246 1874 1335 1929 orbem
1346 1892 1386 1928 re-

236 1954 338 2022 petierit,
349 1969 384 2007 an
392 1959 455 2023 post
461 1954 633 2025 interruptum
642 1952 813 2026 attemperes
822 1953 953 2028 ἐφημερίσιν
961 1958 1033 2011 illam
1042 1958 1212 2024 substituerit,
1223 1974 1290 2030 quae
1298 1961 1386 2031 priori,

237 2040 339 2110 subque
346 2038 786 2109 templumahhntiochoriolatunr
796 2042 1108 2106 est,succeseurar'uerat
1125 2043 1385 2099 Adhaeohiaccabn.

237 2140 288 2194 rap.
296 2142 331 2178 ιν.
341 2140 410 2178 corn.
420 2123 461 2179 42.
472 2125 636 2179 sacerdotum
644 2126 772 2179 delectum
781 2126 904 2180 habuisse
915 2128 1015 2195 dicitur,
1027 2144 1116 2183 eorum
1128 2130 1225 2183 scilicet
1235 2131 1281 2200 qni
1291 2131 1386 2201 integri

237 2209 439 2279 immaculatique
455 2209 553 2276 ierant,
573 2212 663 2282 quales
679 2211 794 2265 nondum
810 2212 929 2265 fortassis
946 2218 1019 2267 erant
1035 2214 1132 2283 primae
1149 2214 1213 2268 vicis
1233 2216 1385 2269 secerdotes.

237 2294 362 2349 Postremo
370 2296 529 2367 baptizatum
540 2313 597 2350 esse
606 2296 737 2351 Christum
747 2297 847 2351 iuliano
856 2314 936 2363 mv,
947 2299 989 2351 rel
1001 2300 1092 2353 astatis
1104 2300 1223 2353 absoluto
1233 2318 1303 2366 aar,
1315 2318 1385 2356 snm·

237 2386 303 2448 ptum
312 2380 482 2452 absaligero,
494 2398 548 2435 nou
557 2382 760 2436 demonstratum
772 2389 822 2448 eat,
832 2389 863 2436 ut
874 2398 922 2436 sno
935 2385 991 2437 loco
1003 2384 1178 2455 probavimus.
1196 2384 1270 2449 Quod
1282 2386 1385 2457 siquod

237 2466 259 2516 iu
274 2466 316 2519 illo
326 2467 436 2532 vicium,
451 2472 479 2520 et
493 2466 700 2538 ephemeriarum
716 2469 825 2522 circuitu
839 2470 965 2523 momenti
980 2469 1012 2523 ad
1030 2470 1171 2523 eruendum
1183 2469 1276 2524 Christi
1287 2486 1385 2525 aunum

239 2566 288 2603 esse
300 2552 410 2618 ridetur,
425 2558 513 2624 potest
529 2552 639 2623 quilibet
653 2554 784 2607 nonnullis
801 2554 906 2618 eodem,
924 2570 975 2624 quo
992 2554 1116 2624 Scaliger,
1134 2556 1189 2609 iure
1206 2558 1336 2627 usurpetis
1354 2574 1384 2611 ao

238 2637 331 2704 psus,
342 2654 499 2709 quocunque
509 2640 614 2693 libuerit
624 2640 712 2693 orbem
723 2640 798 2692 illum
809 2655 840 2692 ac
852 2640 987 2693 circuitum
999 2640 1132 2695 deducere.
1150 2640 1215 2695 Nam
1225 2647 1251 2695 et
1258 2642 1384 2713 Keplerus

239 2723 364 2777 troadem
374 2724 421 2777 ilia
432 2725 498 2777 serie
509 2725 623 2778 numism
634 2725 733 2779 domini
744 2742 804 2779 xxv.
816 2724 858 2777 die
869 2724 1019 2778 Decembris
1030 2726 1145 2780 retinuit.

294 2808 346 2863 esu
357 2814 387 2862 ut
398 2809 432 2861 ad
441 2810 515 2863 illam
525 2819 646 2875 revertar,
659 2826 737 2880 quam
749 2809 909 2880 Epiphanius
921 2810 1043 2876 adduxit,
1054 2813 1238 2866 nonnullorum
1249 2815 1383 2880 estimem,

239 2893 275 2959 qui
284 2911 317 2947 ex
327 2912 353 2948 a
363 2910 453 2948 mense
465 2895 520 2948 dies
531 2896 630 2966 aliquot
636 2896 732 2948 libasse
742 2894 872 2949 Christum
883 2896 911 2949 in
924 2904 995 2949 utero
1007 2897 1097 2951 matris
1110 2898 1303 2965 existimarunt,
1315 2900 1384 2971 quod

239 2976 290 3049 Sap.
303 2997 353 3044 nt,
373 2980 398 3032 2.
415 2980 540 3051 scripturn
557 2982 604 3044 sir,
626 2982 709 3034 decem
723 2982 847 3033 merendus
863 2991 994 3035 concretus
1008 2986 1035 3035 s'rr
1050 2987 1185 3051 sunguine,
1201 2985 1291 3038 eudem
1307 3001 1384 3055 argu·

238 3071 313 3118 uento
325 3064 469 3118 catholicus
482 3066 618 3119 mamae
629 3082 692 3120 usus
704 3071 744 3119 est
754 3067 782 3120 in
794 3068 905 3137 epistola
916 3082 995 3137 quam
1013 3068 1075 3120 citat
1089 3067 1186 3138 Scalig.
1199 3069 1226 3123 in
1238 3068 1306 3140 laag.
1320 3070 1383 3125 Gan.

238 3164 287 3219 pag.
298 3149 355 3204 301.

293 3234 339 3287 Kal
349 3234 406 3304 sepi
417 3234 545 3303 absistis
556 3234 704 3304 biedcan]
737 3236 865 3301 Quoniam
881 3241 972 3289 natum
989 3252 1047 3289 esse
1064 3236 1195 3291 Christum
1207 3256 1241 3293 rr.
1251 3239 1304 3293 Ian.
1316 3241 1382 3293 arbi·

239 3323 308 3373 iratus
319 3327 372 3385 est,
383 3322 543 3391 baptizatum
552 3338 612 3375 roro
623 3340 680 3375 rum
689 3321 763 3388 Noa,
774 3322 850 3375 facile
861 3321 912 3374 ruit
919 3320 1063 3393 Epiphanio
1073 3323 1186 3393 primum
1194 3324 1257 3377 iliud
1268 3330 1383 3379 mutatae

239 3419 309 3473 aquae
318 3406 474 3460 miraculum
486 3406 589 3471 eodem,
605 3423 657 3478 quo
673 3415 749 3460 natus
767 3412 833 3472 erat,
851 3407 891 3460 die
906 3406 1005 3461 iactum
1017 3422 1139 3463 asserere.
1161 3408 1257 3463 Verum
1269 3426 1328 3464 cum
1341 3427 1383 3464 re·

238 3491 277 3542 ter·
290 3492 415 3545 ecclesiae
431 3493 614 3557 consensione,
629 3491 801 3558 nsulsum,
816 3492 861 3546 sed
873 3492 1007 3547 Decembr.
1018 3511 1078 3549 xxv.
1093 3493 1187 3548 Christi
1201 3496 1295 3549 natalis
1312 3497 1384 3549 attri-

239 3572 303 3629 butus
320 3578 369 3639 sit,
385 3576 531 3647 baptismus
542 3594 602 3631 raro
615 3576 720 3643 ianm,
730 3578 788 3631 fieri
802 3594 854 3631 non
870 3583 969 3648 potest,
981 3584 1010 3632 ut
1026 3585 1071 3633 aut
1082 3579 1172 3633 eodem
1185 3596 1236 3650 quo
1247 3587 1324 3635 natus
1336 3587 1383 3647 est,
1408 3598 1482 3652 part.

239 3667 275 3712 ant
283 3664 361 3716 etiam
374 3678 426 3732 quo
438 3662 584 3733 baptisatus
595 3668 647 3727 est,
660 3662 700 3715 dia
713 3679 807 3733 aquam
815 3665 844 3716 in
855 3664 945 3717 vinum
954 3666 1066 3720 verterst.
1084 3666 1187 3736 Alioqui
1198 3668 1385 3737 perabsurdum

239 3754 270 3799 est
278 3764 345 3802 anno
356 3748 463 3801 demum
474 3754 535 3818 post
545 3748 704 3819 baptismum
715 3750 815 3819 elapso,
828 3764 886 3802 cum
897 3750 964 3815 iam,
981 3756 1011 3803 nt
1022 3756 1081 3804 aute
1093 3752 1240 3817 docuimus,
1252 3754 1383 3824 praedica·

238 3832 321 3887 bonam
332 3850 409 3888 orsus
421 3838 503 3899 esset,
514 3834 627 3904 primum
639 3834 673 3887 ab
685 3850 715 3887 eo
727 3834 881 3887 miraculum
893 3835 991 3889 aditum
1003 3838 1076 3890 velle.
1111 3838 1166 3891 Hoc
1183 3839 1253 3891 enim
1270 3856 1382 3911 suange-

238 3914 290 3970 irae
300 3917 425 3973 historiae
434 3919 573 3973 maniieste
583 3925 722 3990 repugnat;
739 3918 822 3972 multo
833 3936 894 3972 vero
905 3921 1004 3990 magis,
1021 3922 1044 3974 si
1060 3922 1110 3975 tria
1121 3921 1248 3976 duntaxat
1258 3923 1383 3994 paschata

239 4016 287 4054 rum
296 4004 428 4057 umoribus
439 4004 612 4075 assignemus.
645 4002 819 4067 Quamobrem
829 4004 880 4057 allo
892 4005 934 4057 die
946 4020 1024 4075 quam
1037 4024 1071 4059 vr.
1082 4006 1135 4057 lan.
1147 4008 1301 4062 miraculum
1312 4008 1382 4062 istud

239 4087 329 4153 suddit,
345 4090 452 4142 umetsi
467 4088 558 4143 eodem
575 4105 627 4159 quo
644 4090 789 4159 baptismus
804 4089 845 4142 die
857 4090 890 4143 ab
902 4090 1011 4143 ecclesia
1022 4088 1172 4143 celebretur.
1206 4092 1244 4145 De
1262 4110 1312 4162 quo
1324 4094 1381 4147 ride

239 4166 369 4227 Ferrarium
379 4174 427 4229 lib.
437 4193 472 4228 nn
485 4173 585 4228 Gomm.
596 4175 624 4227 in
635 4172 700 4227 Dan,
712 4180 739 4226 st
749 4172 842 4228 Baron.
854 4175 881 4228 in
893 4176 960 4227 Anu.

291 4258 323 4312 N.
332 4278 397 4313 xxx.
420 4259 463 4311 dio
475 4260 516 4311 sal
527 4257 551 4311 dv
563 4258 666 4320 πολλοῖς
678 4260 783 4326 riarum]
816 4258 890 4322 Quod
905 4257 998 4312 horum
1014 4257 1125 4312 fontium
1139 4259 1273 4315 historiam
1285 4266 1312 4313 et
1321 4260 1381 4330 Epi·

240 4338 313 4408 pluuii
327 4344 407 4398 fidem
422 4345 450 4397 in
467 4344 574 4398 dubium
589 4345 719 4398 revocarit
731 4343 872 4398 Galrinieta
888 4343 993 4413 quidam
1008 4358 1123 4413 nuperus
1135 4346 1162 4398 in
1174 4346 1321 4399 Casauboni
1332 4344 1380 4397 Da·

239 4424 353 4494 tmione,
369 4429 435 4482 iacit
447 4430 677 4501 impudentissime.
712 4429 763 4483 Sed
778 4427 848 4483 hunc
857 4428 996 4499 Epiphanii
1010 4428 1096 4483 locum
1111 4431 1228 4501 pluribus
1243 4430 1383 4483 illustrarit

240 4508 374 4569 ilarihmtus
384 4514 544 4585 marsyam
554 4522 643 4569 noster
656 4516 684 4568 in
695 4515 801 4569 Talione
813 4522 903 4568 contra
915 4513 1109 4579 casaubonum,
1126 4532 1142 4567 a
1158 4530 1208 4584 quo
1224 4514 1320 4567 iniuria
1334 4532 1380 4569 no-

240 4601 293 4651 tatus
303 4606 360 4653 erat
368 4600 560 4654 illustrissimus
571 4600 710 4655 madium
720 4598 846 4654 conditor.

291 4683 359 4736 Κανᾶ
369 4681 417 4755 γὰρ
429 4682 602 4756 impertierat]
623 4686 750 4740 Vocabuli
760 4684 837 4738 huius
850 4685 977 4755 originem
989 4700 1006 4737 a
1017 4684 1095 4738 rerbo
1108 4688 1174 4776 ²¹¹²?
1187 4682 1299 4749 deducit,
1311 4686 1380 4755 quod

240 4768 356 4831 neddere
367 4769 506 4842 significat

292 4852 322 4911 N.
330 4871 404 4911 asar.
415 4854 510 4908 Φόοκει
518 4852 592 4908 πάλιν
600 4853 614 4908 b
623 4857 738 4924 sicurae]
757 4852 891 4919 Qomodo
902 4870 963 4908 cum
975 4854 1081 4909 eaeteris
1093 4853 1259 4925 evangelistis
1271 4852 1379 4911 Ioannes
