3650 5642
1189 638 1373 702 oenxm

233 805 360 853 orantur.
378 798 427 853 Est
437 799 507 854 subn
519 796 552 853 sd
563 797 687 853 Oreum
699 813 764 864 una,
776 799 858 853 altera
868 797 901 852 ad
911 795 1075 869 Euphraten,
1087 797 1138 852 alia
1149 798 1176 852 iu
1188 797 1289 864 Cilicia,
1302 803 1331 852 ut
1341 799 1373 852 de

233 886 321 954 reipub
332 885 432 940 sileam

287 969 398 1030 Εὖδίξιος
409 967 563 1036 ἐπίσκοπος]
594 969 651 1023 Non
663 969 743 1023 dium
755 971 847 1041 opinor
858 985 915 1023 esse
927 985 1004 1039 quam
1018 969 1214 1025 Antiochenam.
1246 969 1293 1022 llio
1305 970 1374 1022 enim

234 1055 380 1108 mniunctsm
391 1071 452 1108 cum
463 1056 559 1109 Acacio
570 1071 690 1109 caussam
701 1054 805 1119 habuit,
822 1071 881 1108 cum
898 1071 982 1126 eoque
998 1055 1025 1108 in
1038 1053 1197 1108 Seleuciensi
1215 1061 1342 1108 contentu
1358 1069 1374 1106 a

234 1140 381 1193 animante
393 1141 421 1194 in
436 1141 554 1194 ordinem
570 1141 689 1194 redactus
709 1141 824 1194 vicissim
841 1141 900 1193 illos
917 1141 945 1193 in
959 1139 1248 1212 Constantinopolitano
1266 1139 1373 1193 coneilio

234 1227 331 1294 perculit.
354 1224 407 1278 Sed
422 1227 446 1278 si
462 1227 486 1279 is
502 1231 554 1291 est,
570 1227 665 1279 mhum
675 1226 762 1291 raide,
780 1225 910 1295 quomodo
922 1241 974 1278 non
986 1231 1047 1296 post
1059 1225 1201 1296 Georgium
1213 1225 1304 1278 saltem
1317 1225 1374 1277 Ale·

234 1311 370 1364 xmdrinum
381 1312 572 1382 subscripserit,
584 1313 629 1382 qui
639 1313 729 1382 utique
741 1315 802 1365 ante
814 1311 951 1365 orientales
963 1315 989 1364 et
1000 1311 1079 1380 Syros
1093 1309 1228 1382 episcopos
1240 1311 1375 1364 nominan-
1400 1329 1422 1370 p.
1431 1317 1475 1361 aar.

235 1395 272 1447 dus
281 1396 332 1449 tuit

286 1479 435 1553 Παγκρᾶττος
446 1480 581 1542 ἐπίσκοπος
593 1481 754 1550 Πηλουσίου]
789 1481 838 1546 Qui
855 1488 882 1535 et
892 1481 1028 1536 Sirmiensi
1044 1481 1133 1536 tertiae
1150 1481 1304 1552 professioni
1316 1497 1376 1536 eunt

234 1566 317 1632 tneo,
326 1566 426 1620 Basilio
438 1582 469 1620 ao
481 1568 589 1621 caeteris
601 1569 796 1639 subscripserat

285 1651 314 1707 N.
326 1670 409 1708 τιν’τε.
433 1651 464 1705 Ol
474 1656 594 1724 νοονεχεῖς
606 1653 716 1721 ταύτην]
738 1653 833 1707 Variae
850 1658 912 1706 sunt
928 1654 960 1706 ab
973 1653 1074 1707 Arianis
1090 1653 1199 1708 diversis
1215 1655 1375 1724 temporibus

235 1737 301 1790 editae
310 1738 485 1808 professiones
495 1737 570 1803 fidei,
582 1753 691 1808 quarum
703 1754 796 1791 norem
809 1740 915 1792 omnino
927 1739 959 1792 ad
969 1738 1281 1810 Constantinopolitanum
1294 1755 1375 1808 usque

234 1823 429 1889 conciliabulum,
447 1823 515 1894 quod
527 1840 544 1877 a
554 1823 714 1877 Seloucieusi
725 1824 843 1894 proxime
855 1828 895 1877 est
905 1825 1036 1890 habiturn,
1054 1831 1169 1878 recenset
1180 1823 1311 1890 Socrates,
1330 1823 1375 1877 sed

235 1914 254 1958 et
263 1907 410 1962 Athanasius
425 1910 468 1963 lib.
481 1909 513 1963 do
524 1908 630 1978 synod,
643 1925 675 1963 ex
694 1925 745 1980 quo
762 1914 851 1963 muron
868 1909 957 1964 decem
975 1910 1139 1980 colliguntur.
1165 1909 1235 1974 Quas
1252 1909 1300 1963 boc
1318 1909 1375 1962 loco

236 1994 343 2063 attingam
353 1995 475 2048 breviter.

286 2080 371 2133 Prisca
386 2079 450 2133 tidei
464 2076 555 2139 ἔτίεσις
568 2079 720 2134 Antiochiae
738 2081 920 2135 encaeniorum
938 2087 1052 2152 tempore
1070 2083 1166 2152 scripta
1183 2079 1332 2135 Marcellino
1350 2085 1376 2134 et

236 2161 326 2217 Probino
337 2181 405 2219 coss.
418 2181 442 2217 a
451 2179 557 2220 cccrur.
569 2166 616 2219 nbi
628 2165 659 2219 de
671 2165 742 2236 οὖοίᾳ
753 2168 861 2220 verbum
873 2166 982 2220 nullum.

285 2249 400 2304 δεοννᾱα
410 2251 439 2304 in
451 2250 542 2304 eodem
551 2251 723 2305 conciliabulo
735 2251 814 2317 edita,
825 2253 903 2322 paulo
912 2252 1023 2322 longior,
1035 2251 1081 2306 ubi
1090 2250 1172 2306 filium
1187 2257 1306 2322 μονογενῆ
1322 2251 1374 2303 bebo

236 2348 258 2385 ec
266 2338 302 2400 τῆς
312 2335 396 2397 eisin<
405 2333 486 2388 elatae
494 2336 670 2390 nominarunt.

289 2421 372 2475 Tertio
394 2421 490 2475 ibidem
508 2419 720 2492 aTheophronio
738 2423 894 2494 conscripta,
916 2439 983 2493 quae
1000 2429 1025 2476 et
1042 2421 1125 2485 οὐσίας
1142 2422 1298 2478 uocabulum
1315 2439 1375 2494 sup-

235 2519 313 2572 Pfflffl'

289 2591 387 2652 Ωνανία
399 2609 497 2663 paucos
508 2598 569 2664 post
579 2609 682 2646 menses
695 2610 740 2664 per
751 2592 914 2658 Narcissum,
931 2595 1038 2658 Marim,
1056 2594 1172 2664 aliosque
1189 2594 1215 2648 iu
1229 2592 1326 2648 Gallias
1342 2591 1374 2644 ad

237 2674 385 2732 Constantem
403 2678 490 2731 missa.
524 2678 555 2731 ln
566 2677 615 2731 hae
627 2678 743 2732 damnati
755 2679 800 2748 qui
811 2678 925 2731 dicerent
937 2676 961 2740 ἐξ
973 2679 1017 2731 οὖν
1030 2673 1107 2731 ὄντων
1119 2680 1161 2730 τὀν
1174 2677 1233 2748 brba,
1251 2680 1266 2744 ἢ
1284 2676 1308 2738 ἐξ
1326 2675 1375 2728 ἐτί-

237 2779 268 2827 ,ας
278 2759 443 2832 ὑποστάσεως,
461 2763 500 2815 sal
518 2762 552 2832 μὴ
567 2761 593 2816 ἔκ
604 2768 649 2816 τοῦ
662 2764 716 2816 θεοῦ
729 2763 850 2834 γενέσθαι,
868 2770 914 2817 aut
929 2763 1011 2819 inisse
1028 2764 1166 2834 aliquando
1184 2769 1298 2835 tempus,
1316 2779 1375 2816 cum

237 2861 275 2898 tou
284 2854 356 2904 esset.

289 2934 379 2993 Quinto
392 2937 453 3004 post
461 2935 602 2988 triennium
614 2936 640 2987 in
652 2933 754 2987 ltaliam
766 2935 847 2987 missa
859 2935 1038 3005 μακρίοτιχος,
1057 2933 1104 2988 hoe
1122 2941 1162 2988 est
1175 2935 1278 3006 longior
1290 2935 1376 3006 appel·

237 3015 282 3071 tara.
311 3019 395 3082 Quam
412 3019 515 3089 quidem
526 3018 678 3073 Antiochiae
694 3024 843 3073 contextam
858 3021 886 3072 in
902 3021 1040 3073 annalibus
1056 3021 1162 3090 reperio.
1198 3019 1249 3074 Sed
1266 3019 1315 3073 hoc
1333 3037 1376 3073 ne·

238 3118 275 3168 quo
291 3103 411 3158 Socrates
430 3121 461 3158 ac
481 3103 641 3159 Sonomenus
663 3121 747 3176 nequo
764 3103 921 3158 Athanasius
943 3105 1064 3158 raserunt.
1104 3105 1133 3159 ln
1155 3121 1207 3176 qua
1228 3109 1270 3171 τῆς
1293 3105 1376 3164 οὐσίας

238 3189 314 3242 uerbo
328 3191 412 3244 nulla

287 3275 358 3327 Sesto
372 3276 404 3328 in
419 3275 527 3329 concilio
542 3275 679 3329 Sirmiensi
695 3281 785 3330 eontra
796 3273 935 3330 Photinum
952 3275 1019 3328 edita
1037 3290 1104 3329 anuo
1118 3291 1214 3342 occur,
1232 3276 1263 3329 de
1281 3291 1332 3345 qua
1350 3277 1377 3328 in

239 3360 391 3426 marimens
404 3360 508 3414 abunde
520 3360 617 3415 dictum
628 3367 676 3415 est.

289 3444 395 3515 ἕψοιντο
407 3445 497 3499 Sirmii
507 3463 575 3499 anno
588 3462 704 3501 occurri
717 3446 808 3501 Latine
820 3447 916 3516 scripta
928 3451 979 3510 est,
992 3445 1022 3499 de
1036 3462 1099 3516 qua,
1113 3451 1141 3498 ut
1153 3451 1178 3500 et
1190 3445 1221 3501 de

291 3529 398 3597 Octava,
409 3547 477 3601 quae
486 3531 630 3586 Ariminum
641 3534 741 3603 perlata
752 3537 793 3586 est
803 3531 1000 3604 conscriptaque
1012 3549 1080 3585 anuo
1094 3547 1213 3598 eccum„
1225 3531 1288 3586 satis
1301 3538 1377 3585 antea

240 3611 414 3682 disputavimus.

290 3700 360 3753 Nono
371 3709 415 3755 est
427 3701 555 3757 hoacima
566 3702 698 3757 Seleuciae
709 3703 855 3775 proposita,
872 3718 951 3773 qoam
966 3717 1026 3757 cum
1037 3703 1172 3757 Sirmiensi
1183 3703 1258 3758 tertia
1270 3719 1377 3758 consen-

239 3782 274 3834 tire
283 3793 380 3841 autores
389 3787 462 3841 illius
474 3793 601 3841 asserunt

291 3871 394 3925 Οοοῐτια
404 3872 631 3944 Constantinopoli
642 3873 676 3926 ab
688 3873 793 3938 acacio,
805 3872 937 3938 Eudoxio,
949 3873 1058 3944 aliisque
1071 3873 1190 3929 conflata.
1211 3875 1283 3940 Quae
1296 3874 1377 3935 οὐσίας

239 3951 411 4018 otrentum
422 3959 529 4011 nomine
540 3959 736 4012 commemorari
747 3963 828 4024 uetat,
846 3959 957 4012 similem
976 3964 1061 4012 tamen
1079 3961 1146 4030 patri
1162 3959 1246 4014 filium
1263 3977 1321 4014 esse
1337 3962 1378 4013 de·

240 4035 288 4092 inii.
317 4043 361 4096 nn
377 4046 536 4096 undecimam
555 4042 625 4097 addit
638 4043 797 4097 Athanasius
809 4043 961 4097 Antiochiae
978 4045 1011 4096 ab
1029 4045 1121 4096 iisdem
1137 4045 1195 4098 istis
1212 4047 1378 4116 publicatam,

240 4121 272 4174 ubi
280 4129 432 4196 sarpedonem
443 4129 625 4194 emendarunt,
643 4145 673 4182 ac
685 4129 837 4182 dissimilem
848 4129 929 4199 patris
941 4129 1023 4182 filium
1035 4127 1156 4183 audacter
1167 4132 1377 4200 pronunciarent.

241 4202 296 4261 i'ade
307 4213 429 4266 hnomoei
440 4219 467 4267 et
477 4211 641 4275 Ἕξοντόντνοι
653 4215 777 4285 appellari
789 4220 937 4284 cooperunt.

290 4293 317 4348 ll.
328 4314 418 4351 mre.
440 4298 487 4349 liet
498 4299 594 4370 ννίατωρ
607 4299 785 4370 φυγαδεύεται]
813 4299 859 4352 Bis
872 4297 1009 4352 Antiochia
1020 4299 1110 4368 pulsus
1123 4307 1164 4352 est
1174 4301 1302 4356 Meletins.
1325 4299 1377 4354 Pri·

241 4387 295 4430 nnn
305 4396 320 4432 a
329 4381 494 4448 Constantio,
502 4382 581 4454 *quod
593 4386 717 4438 brianum
729 4385 825 4454 dogma
836 4384 957 4448 minime,
975 4383 1013 4436 uti
1025 4401 1083 4453 spes
1096 4392 1162 4450 orat,
1177 4385 1282 4440 foveret.
1316 4385 1378 4440 lude

243 4461 362 4523 aldene.
398 4469 463 4522 Nam
475 4470 525 4522 sub
537 4469 642 4523 Ioviano
655 4469 806 4522 Antiochiae
819 4469 957 4522 concilium
970 4467 1072 4534 babuit,
1091 4469 1117 4522 in
1135 4488 1187 4540 quo
1196 4469 1379 4526 Macedoniani

242 4549 377 4606 salamani
388 4551 530 4607 llicaenam
547 4553 625 4608 iidem
643 4553 757 4624 amplexi
774 4561 843 4608 sunt.
867 4553 988 4607 Socrates
999 4553 1044 4608 lib.
1055 4571 1093 4608 111.
1107 4571 1163 4626 cap.
1173 4575 1226 4612 ττι.
1260 4555 1322 4609 Post
1338 4555 1378 4610 lo·

243 4631 294 4684 'boi
309 4637 406 4691 obitum
423 4639 563 4694 avalente
578 4641 716 4709 relegatur,
736 4645 766 4692 ut
783 4639 851 4692 idem
867 4638 912 4692 lib.
928 4657 961 4691 ιν.
979 4655 1035 4709 cap.
1049 4657 1078 4694 τι,
1097 4642 1242 4711 caeterique
1257 4640 1377 4712 produnt

243 4712 393 4776 iunonem
406 4723 475 4795 qnod
486 4725 576 4778 scribit
585 4723 759 4794 Epiphanius,
776 4723 822 4784 ἕως
834 4724 922 4776 τούτου
935 4727 979 4774 τοῦ
991 4725 1096 4796 χρόνον,
1114 4743 1167 4778 non
1183 4727 1221 4779 sic
1233 4727 1378 4798 intelligeu·

245 4797 291 4856 im
299 4813 347 4872 est,
361 4814 395 4861 at
407 4815 559 4880 perpetuum
571 4825 588 4864 a
598 4809 744 4865 consuntii
755 4815 872 4880 tempore
882 4809 960 4863 fuerit
971 4809 1087 4865 exilium.
1110 4809 1149 4864 De
1159 4811 1265 4868 Meletio
1277 4829 1337 4866 vero
1350 4827 1380 4866 ao

281 4905 515 4959 &nummum
1155 4911 1177 4967 p
