3650 5642
232 1231 454 1309 DIONYSII
478 1233 673 1311 PETAVII
696 1236 728 1310 E
758 1234 1025 1314 SOOIETATE
1049 1236 1158 1314 [ESU
1183 1235 1394 1314 ANIMAD-

232 1351 500 1430 VERSIONES
517 1353 570 1430 IN
585 1353 972 1552 ffssffiffi
993 1355 1129 1452 QUOD
1142 1355 1396 1436 PANARIUM
1467 1463 1470 1476 .

627 1795 998 1865 ΠΡΟΘΕΩΡΙΑ.

229 1937 264 2013 Si
274 1978 330 2012 cnm
342 1963 474 2030 exquisita
485 1978 583 2027 rerum,
600 1979 665 2030 quae
676 1965 704 2013 in
715 1959 762 2014 boc
773 1980 849 2032 opere
860 1969 1020 2026 tractantur,
1038 1964 1164 2014 varietate
1176 1979 1209 2014 ac
1225 1965 1301 2032 copia
1316 1964 1395 2016 adae·

229 2064 304 2113 quare
314 2051 542 2099 commentationes
553 2055 654 2098 nostms
665 2051 839 2110 instituissent,
856 2065 905 2098 non
917 2047 1033 2099 breuibus
1048 2051 1111 2100 iisee
1123 2050 1188 2099 notis
1199 2055 1223 2099 et
1233 2049 1395 2100 animaduer-

229 2130 351 2196 assibus,
366 2133 417 2184 sed
430 2131 572 2200 inqentibus
589 2131 662 2184 libris
674 2134 851 2186 committenda
864 2150 905 2184 res
915 2135 1015 2201 fiserat.
1040 2131 1165 2194 Quoniam
1177 2141 1259 2184 auteur
1271 2151 1347 2202 neque
1358 2151 1396 2185 me

230 2221 467 2270 commentariorum
478 2218 554 2269 moles
564 2218 612 2270 illa
622 2219 742 2282 delectat,
755 2227 780 2271 et
790 2219 944 2271 eruditorum
957 2219 1075 2270 lectorum
1081 2219 1202 2287 fastidiis
1214 2220 1396 2271 occurrendum

227 2306 308 2372 potius
318 2301 413 2355 bacin
426 2319 519 2371 uenere
530 2312 579 2366 est,
597 2322 672 2373 quam
689 2305 797 2356 aliorum
813 2305 935 2356 tarditati
950 2303 1139 2366 carnulentiam,
1155 2303 1226 2354 nulla
1238 2313 1275 2355 est
1285 2303 1395 2356 obtinen-

231 2389 275 2438 dae
286 2409 304 2440 a
314 2406 359 2440 ne
369 2391 441 2440 ratio
448 2391 636 2457 praetermissa
652 2389 794 2442 breuitatis.
819 2387 863 2440 Ea
879 2407 938 2441 vero
953 2393 1011 2440 visa
1026 2399 1064 2442 est
1078 2390 1203 2458 imprimis
1219 2389 1352 2452 eiusmodi,
1368 2400 1397 2442 ut

232 2473 344 2525 &sasas
363 2491 395 2526 et
415 2481 525 2525 ederam
542 2475 722 2543 exemplarium
743 2477 935 2543 comparatione
952 2483 998 2527 aut
1014 2492 1044 2526 ea
1062 2477 1208 2526 coniectura
1225 2473 1343 2526 lectiones
1360 2475 1397 2527 ad

231 2576 296 2610 oram
313 2567 450 2612 contextus
467 2559 636 2623 adrriberem,
653 2566 704 2610 tum
720 2568 750 2611 ut
764 2561 862 2613 leniora
878 2577 990 2630 quaeque
1007 2576 1040 2612 ac
1051 2560 1195 2628 faciliora,
1215 2559 1256 2610 rel
1271 2561 1395 2612 conrmode

233 2643 261 2694 ab
272 2645 333 2696 aliis
346 2645 495 2713 aplicato,
513 2662 543 2696 ne
557 2650 706 2713 attinqerem
717 2648 814 2697 omnino
819 2683 827 2708 ,
846 2656 891 2698 aut
902 2649 1013 2716 carptim
1025 2645 1180 2714 breviterque
1187 2647 1395 2714 perstrinqerem.

234 2726 401 2789 Quamobrem
413 2738 486 2782 certa
496 2734 655 2799 pantanum
671 2739 822 2799 aepumenta
839 2731 988 2799 dclepimus,
1005 2733 1032 2782 in
1048 2729 1135 2802 quibus
1148 2729 1310 2782 elaborandis
1321 2739 1396 2802 atque

232 2815 393 2868 maenaa
399 2815 543 2884 plusculum
554 2833 648 2886 operae
660 2817 886 2886 disputatiomsque
902 2824 1071 2887 consumptum
1084 2823 1132 2880 est,
1150 2832 1214 2884 prae
1228 2819 1344 2868 nimirum
1356 2825 1395 2869 ta·

232 2900 266 2952 lia
276 2917 330 2952 esse
342 2901 543 2965 conmdmemm,
554 2903 631 2954 atad
641 2919 725 2954 eorum
736 2904 896 2955 minuendam
904 2901 1081 2954 obscuritatem
1093 2900 1208 2953 nannibil
1218 2918 1296 2972 opera
1308 2910 1395 2956 nostra

230 2997 308 3055 posset
318 2987 457 3040 accedere.
476 2985 577 3038 Fuerat
586 2988 733 3039 iamdudum
744 2990 855 3052 animus,
867 2991 974 3040 omnium
985 2986 1135 3050 baerescon,
1148 2989 1250 3056 quaein
1262 2985 1309 3038 boc
1321 3006 1395 3058 opere

232 3079 470 3135 immoritur,
486 3067 518 3123 rb
532 3069 693 3142 ἱστορούμενα
702 3076 827 3143 primurn,
843 3073 934 3126 deinde
945 3075 1073 3144 opiniones
1085 3089 1117 3124 ac
1130 3073 1249 3140 dapmata
1261 3075 1346 3124 arrrnia
1357 3091 1395 3126 se·

228 3167 321 3226 parato
333 3157 422 3210 libello
428 3162 550 3228 persequi
560 3167 585 3212 ct
595 3162 707 3222 cuniis,
719 3177 783 3228 quoe
792 3158 957 3230 Epiphanius
965 3161 1132 3229 perscripsit,
1145 3174 1209 3226 quae
1221 3157 1253 3209 ab
1266 3158 1328 3210 aliis
1338 3167 1398 3210 sunt

232 3241 353 3295 Patn'bsss
369 3246 499 3312 aporire,
516 3245 646 3312 conferre:
663 3243 709 3296 sed
720 3243 752 3296 ab
765 3262 792 3297 eo
805 3245 910 3296 consilio
921 3247 1042 3296 revocavi
1052 3247 1107 3312 ipse
1123 3259 1174 3306 mc,
1192 3243 1258 3312 quod
1268 3259 1321 3294 eum
1333 3243 1396 3294 mibi

232 3327 339 3380 labere.
357 3329 506 3380 iamdudum
523 3329 631 3381 alionum
647 3330 777 3382 industria
793 3330 954 3384 sublevasset.
981 3327 1081 3381 Etenim
1094 3337 1202 3398 praeter
1218 3336 1313 3379 ueteres
1329 3329 1395 3392 illas,

232 3411 381 3477 Irenaeum,
397 3414 582 3482 Aequanum,
602 3413 783 3479 Pbilastrium,
803 3415 1004 3479 Damascenum,
1029 3412 1225 3476 Tertullianum,
1249 3411 1396 3466 Clementem

232 3498 450 3562 Alexandr-inune,
466 3499 646 3568 Hieronymum
658 3517 691 3552 ac
704 3509 829 3564 caeteros,
845 3503 889 3570 qui
899 3509 944 3553 aut
956 3501 986 3552 de
998 3498 1145 3552 haeresibus
1156 3501 1302 3552 nominatim
1313 3502 1395 3570 scrip-

232 3594 315 3636 mnne
324 3593 376 3637 aut
387 3601 474 3636 earum
485 3588 513 3636 in
523 3586 598 3637 libris
611 3590 664 3638 suis
678 3594 807 3656 utcumque
818 3589 984 3649 remisserunt,
1002 3587 1155 3638 recentiores
1166 3584 1263 3652 aliquot
1273 3585 1356 3637 eodem
1367 3589 1396 3637 in

233 3679 381 3738 masnata
396 3687 494 3722 ummo
511 3689 567 3722 «um
584 3671 661 3723 laude
680 3681 795 3726 versatos
813 3675 985 3733 memineram,-
1008 3673 1133 3740 imprimis
1150 3679 1232 3722 autem
1252 3669 1396 3722 Gabrielem

232 3754 379 3808 Prateolm
396 3763 469 3825 atque
489 3756 685 3809 illustrissimum
701 3775 851 3825 mapnorum
867 3757 1007 3808 Annalium
1029 3757 1189 3808 conditorem.
1225 3753 1335 3816 Quorum
1351 3755 1395 3807 ille

233 3839 369 3894 herum
380 3845 488 3893 annium
499 3841 719 3895 luculentissimum
731 3843 875 3911 catalopnm
887 3843 988 3894 literato
1000 3843 1088 3894 ordine
1101 3845 1237 3904 contenuit,
1250 3840 1293 3892 bic
1303 3844 1332 3892 in
1340 3841 1395 3893 An·

234 3928 331 3978 solibu
341 3943 390 3978 sao
400 3945 521 3996 quamque
532 3938 640 3997 tempere
652 3932 826 3995 ermionatam
838 3929 952 3996 reliquit.-
969 3936 1070 3996 uterque
1085 3945 1134 3979 uno
1146 3929 1173 3978 ia
1187 3935 1319 3996 conspectu
1331 3943 1395 3995 quae

233 4013 301 4080 apud
309 4020 411 4064 eeteros
420 4012 479 4064 illos
490 4013 609 4082 dispersa
620 4022 695 4065 eram
706 4029 739 4064 ac
751 4015 879 4083 dissipata
886 4017 1028 4083 proposuit.
1050 4011 1112 4064 Hac
1123 4015 1204 4080 ipitur
1216 4028 1280 4063 cura
1292 4020 1316 4062 et
1327 4014 1394 4080 cepi·

233 4102 324 4149 tatione
334 4097 434 4149 solum
444 4096 509 4149 bunc
520 4115 595 4149 unum
607 4100 645 4150 ad
653 4115 755 4168 scopum
767 4099 951 4152 commentandi
961 4097 1072 4150 laborem
1080 4099 1306 4165 immerseram,
1317 4105 1346 4146 ut
1353 4099 1397 4165 qui

234 4180 325 4235 Latine
336 4184 406 4247 iam
422 4181 469 4234 boc
482 4193 518 4236 est
533 4186 625 4246 minus,
643 4191 672 4234 ut
684 4201 770 4253 spero,
789 4184 900 4237 barbare
910 4185 994 4236 studio
1007 4191 1091 4236 nostro
1103 4185 1212 4251 loquitur
1224 4179 1394 4252 Epiphanius,

234 4269 295 4320 idem
304 4267 388 4321 Notis
397 4271 454 4319 istr's
464 4277 490 4320 ct
498 4267 770 4322 Animadversionibus
780 4288 830 4340 qua
843 4273 998 4336 eastipatus,
1016 4287 1067 4338 qua
1078 4269 1203 4321 illustrior
1207 4270 1299 4336 factus
1303 4305 1311 4331 ,
1329 4267 1394 4318 dilu-

236 4355 286 4406 eide
297 4362 377 4421 aque
388 4353 555 4421 intellioenter
566 4355 596 4406 id
599 4356 692 4422 saciat
696 4392 704 4417 ,
719 4358 787 4406 omni
797 4355 953 4407 obscuritate
965 4355 1074 4408 detersa.

261 4507 313 4575 DE
327 4506 614 4575 INSCRIPTIONE
629 4508 1105 4679 Opifgaiacffisspfflfflffl
1119 4507 1358 4576 HAERESEON
1420 4563 1441 4604 μ
1450 4550 1469 4593 2,

297 4727 368 4782 Gan
378 4727 502 4784 sirenus
513 4747 585 4786 ιω
595 4729 728 4796 haereses,
748 4747 816 4802 quse
827 4731 860 4785 sd
871 4747 947 4784 susm
959 4735 1070 4786 aetatem
1083 4730 1234 4796 extiterunt,
1245 4733 1395 4801 susceptum

238 4826 288 4866 ase
298 4811 351 4868 hoc
362 4831 427 4887 opas
437 4815 589 4887 profiteatur
599 4814 773 4887 Epiphanius,
784 4817 835 4871 duo
848 4817 974 4887 quaedem
986 4821 1126 4872 occurrunt
1135 4815 1163 4868 in
1174 4831 1205 4870 eo
1216 4815 1322 4887 negotio
1334 4831 1394 4870 con·

239 4898 378 4956 sibersndn
410 4901 529 4956 Alterura
544 4900 661 4957 heresis
677 4917 774 4958 nomen
788 4903 914 4958 nussim
930 4903 958 4958 in
973 4901 1129 4976 quibusdem
1145 4901 1277 4974 usurpati,
1296 4917 1345 4957 nee
1362 4899 1394 4955 sd

1152 5004 1193 5060 Δ.
