3650 5642
1295 619 1377 677 CLIX

235 790 305 827 cuens
314 792 376 839 rm,
392 772 441 827 hoc
458 777 500 827 est
513 792 566 829 κιο.
578 772 636 831 Kal
648 774 709 845 hpr.
724 774 806 845 pridie
818 775 874 829 eius
886 774 951 840 disi,
968 791 1020 845 quo
1034 791 1128 846 passus
1139 780 1191 841 sat,
1208 775 1288 830 biduo
1298 775 1378 845 igitur

234 858 462 913 transmissam
474 859 632 929 anticipavit
649 860 744 915 iccirco
756 858 904 931 προέλαβον,
916 861 1001 930 inquit
1010 860 1184 931 Epiphanius,
1195 860 1235 913 aul
1246 858 1336 931 ἔφαγον
1348 860 1377 912 rh

235 941 314 1014 Πάσχα
324 944 404 999 biduo
416 949 475 997 aute
486 944 633 1015 legitimum
644 950 758 1016 tempus,
775 944 844 1015 quod
860 950 917 999 erat
925 962 979 1001 xru.
991 944 1106 999 Nicaeus
1115 945 1210 999 cadens
1220 946 1250 999 in
1259 964 1308 1001 ιιι.
1318 944 1377 1001 llal.

235 1028 304 1091 Quasi
313 1027 375 1083 haec
388 1028 480 1093 rerba,
493 1028 631 1099 προίλοβον
640 1035 703 1095 etc„
714 1046 767 1085 uon
779 1030 810 1083 de
818 1029 921 1083 Indaeis
929 1030 1050 1084 omnibus
1059 1030 1208 1102 accipienda
1215 1031 1281 1095 siut,
1292 1029 1338 1083 aed
1346 1030 1379 1083 de

235 1112 323 1167 Christo
334 1119 361 1167 et
371 1114 510 1185 apostolis,
527 1130 557 1169 su
572 1115 596 1169 si
606 1116 651 1185 qui
662 1120 724 1169 sunt
734 1116 790 1181 ulii,
806 1116 852 1185 qui
862 1116 991 1169 maiorum
1001 1115 1067 1169 ritus
1078 1116 1279 1169 observaverint
1311 1115 1380 1169 Nam

235 1199 291 1267 quod
303 1200 334 1253 ad
344 1198 456 1253 ludaeos
467 1200 580 1271 reliquos
591 1201 696 1267 attinet,
712 1200 811 1271 pasche
825 1216 902 1255 suum
917 1201 945 1254 iu
955 1206 1089 1271 posterum
1099 1200 1182 1265 diem,
1197 1200 1248 1255 hoc
1263 1206 1304 1255 eet
1319 1218 1378 1257 1111.

234 1283 326 1338 lisleud.
338 1300 392 1355 quo
404 1300 499 1355 passus
511 1292 550 1338 est
562 1283 693 1351 Christus,
705 1283 760 1337 καθ’
773 1283 902 1355 ὑπέρβασιν
913 1286 1077 1340 traiecerunt
1100 1284 1173 1339 Unde
1183 1303 1237 1340 non
1248 1286 1339 1352 biduo,
1350 1291 1380 1339 ut

235 1370 281 1433 alii¹
296 1369 340 1423 sed
353 1386 408 1423 uuo
420 1376 521 1425 tautum
533 1370 574 1424 die
585 1368 727 1425 Nicasnam
738 1388 791 1425 xrv.
803 1371 1021 1441 anticipaverunt,
1036 1371 1098 1440 quis
1109 1370 1213 1425 ludrica
1222 1372 1316 1425 vitiosa
1326 1388 1379 1436 xv,

235 1452 333 1507 liicsena
343 1472 403 1509 rm.
417 1456 586 1511 celebrarunt
618 1454 702 1519 Quare
714 1456 817 1526 scripsit
827 1452 1001 1527 Epiphanius,
1018 1454 1217 1525 ὑπορβιβηκότον
1229 1454 1310 1509 αὐτῶν
1322 1456 1380 1527 pius

235 1536 324 1609 ἢμέρονς
341 1540 414 1610 quod
431 1546 458 1595 st
472 1542 566 1611 repetit
580 1557 652 1595 num.
664 1558 746 1595 rxvrr.
781 1542 877 1595 Verum
894 1541 964 1611 quod
979 1541 1104 1610 sequitur,
1118 1541 1186 1594 ieris
1195 1542 1272 1595 tertia
1282 1540 1380 1612 pasche

235 1624 375 1690 ronedum,
388 1625 460 1695 quod
470 1625 535 1681 teria
547 1644 570 1679 v.
581 1626 680 1679 iactum
692 1627 818 1696 oportuit,
834 1627 862 1679 in
873 1642 953 1696 quam
964 1644 1017 1680 nv.
1029 1627 1091 1679 luua
1101 1624 1226 1694 (Iudaica,
1237 1632 1264 1679 et
1273 1627 1379 1696 uitiosa)

236 1716 388 1775 convenerat,
400 1726 494 1781 perum
505 1711 557 1765 sibi
564 1717 683 1765 constare
692 1717 779 1765 censet
787 1709 973 1782 Epiphanium,
984 1711 1030 1781 qui
1038 1710 1142 1781 quidem
1149 1710 1216 1765 teris
1223 1711 1300 1765 tertia
1308 1710 1379 1765 Chri·

236 1800 291 1847 stum
299 1793 397 1865 pascha
405 1796 538 1865 peregisse
547 1796 622 1861 uelit,
634 1812 695 1849 cum
706 1796 769 1849 luna
780 1796 806 1849 in
818 1814 871 1849 xru.
883 1797 1048 1866 praestiterit
1064 1795 1112 1849 list
1121 1797 1191 1850 enim
1202 1802 1292 1850 contra
1302 1812 1379 1851 eran·

236 1880 285 1946 gelli
294 1880 382 1945 iidem,
396 1878 526 1934 Christum
537 1881 602 1935 ieris
613 1899 652 1937 ιιι.
664 1879 761 1951 pasche
773 1882 926 1937 celebrasse.
946 1880 1085 1952 Propterea
1093 1882 1131 1935 ita
1142 1881 1322 1951 corrigendum
1333 1898 1379 1935 ex·

237 1964 331 2029 ishruat,
343 1964 477 2019 Christum
488 1966 515 2019 id
526 1966 611 2036 egisse
622 1966 688 2019 ieris
700 1984 737 2031 v.,
750 1965 819 2036 quod
831 1967 974 2035 oportuerit
983 1984 1029 2021 urr.
1053 1966 1110 2037 ligo
1121 1983 1182 2020 vero
1194 1983 1253 2020 cum
1263 1966 1380 2021 nondum

237 2050 363 2118 suspicarer
371 2050 548 2123 Epiphanlum
556 2051 607 2104 alio
617 2050 658 2104 die
667 2050 797 2105 Christum
806 2051 872 2105 velle
884 2067 963 2121 quum
973 2051 1039 2105 feria
1047 2070 1071 2104 v.
1081 2050 1180 2122 pascha
1190 2068 1267 2105 sunm
1276 2052 1380 2117 obiisse,

239 2130 287 2186 haec
297 2152 362 2204 quae
374 2135 407 2189 de
420 2153 473 2201 uu,
490 2154 525 2191 ιν.
537 2137 695 2205 caeterisque
706 2136 777 2191 leriis
788 2136 882 2199 iuiicit,
900 2135 1077 2191 similitudinis
1088 2152 1181 2191 causes
1191 2143 1316 2209 usurpata
1326 2152 1380 2191 cre·

239 2216 342 2273 didcram.
377 2220 448 2273 Nam
465 2221 526 2290 quia
540 2222 603 2275 luna
617 2221 721 2275 Iudaica
732 2240 800 2287 xm,
817 2220 930 2275 Nicaeae
941 2237 1002 2274 roro
1014 2240 1060 2276 xm
1073 2222 1259 2288 celebraverat,
1276 2229 1305 2275 ut
1320 2239 1380 2277 eam

239 2304 289 2371 epti
302 2306 456 2375 pravitatem
472 2306 552 2359 oculis
567 2306 717 2372 subiiceret,
733 2305 802 2359 hunc
819 2306 847 2359 in
864 2305 972 2359 modum
988 2306 1118 2359 declerare
1128 2308 1255 2372 voluisse,
1272 2308 1380 2378 perinde

239 2388 292 2441 istud
302 2406 357 2444 esee
369 2406 400 2445 ac
411 2390 436 2445 si
446 2389 576 2460 fingamus
589 2390 722 2445 Iudaicum
734 2391 835 2461 cyclum
847 2391 903 2445 vitii
913 2389 978 2445 nihil
988 2389 1125 2455 habuisse,
1138 2406 1280 2463 rsrsraque
1289 2393 1379 2447 lunam

239 2490 280 2527 ω.
289 2473 427 2529 Nicaeuam
439 2476 466 2529 in
477 2476 565 2529 Martii
576 2494 630 2529 xcx.
641 2476 776 2541 incidisse,
792 2492 822 2529 sc
837 2482 893 2531 turu
910 2476 1055 2545 cogitemus
1067 2475 1199 2531 Christum
1214 2477 1292 2531 biduo
1306 2478 1379 2531 illam

239 2566 423 2617 ntererteutem
436 2578 488 2615 avr.
499 2560 620 2627 Kalend,
636 2560 690 2615 sive
704 2561 882 2631 Martium,
897 2559 995 2631 pascha
1010 2562 1167 2626 comedisse,
1181 2562 1246 2616 teria
1256 2560 1294 2628 3.,
1309 2562 1380 2633 quod

239 2641 289 2696 teria
298 2644 334 2710 5.,
349 2644 399 2699 hoc
411 2653 453 2699 est
463 2646 549 2699 Martii
561 2664 630 2711 urm,
646 2646 704 2699 tisri
715 2646 829 2701 decebat.
852 2647 919 2700 'lam
930 2662 992 2717 ergo
1003 2647 1096 2701 vitiose
1107 2648 1195 2718 cyclus
1205 2648 1249 2701 ilie
1260 2646 1379 2702 luduicus

240 2727 391 2785 decimonono
403 2731 491 2785 Martii
504 2731 594 2785 lunam
605 2749 659 2787 xrs.
677 2731 806 2796 exhibuit,
824 2736 931 2801 tamquo
947 2732 1080 2786 abnormis
1097 2748 1114 2785 a
1129 2749 1190 2787 uero
1207 2734 1286 2787 luuae
1300 2734 1379 2788 ratio·

240 2814 292 2867 cisio
301 2815 348 2869 init
361 2817 410 2871 illa
426 2835 451 2871 v.
462 2816 527 2871 ieris
540 2816 629 2871 Martii
639 2832 708 2881 xm,
726 2828 804 2885 qnam
820 2817 896 2871 tertia
912 2833 973 2871 cum
989 2817 1082 2887 quinta
1097 2824 1258 2889 comparata,
1275 2819 1300 2873 si
1314 2817 1380 2874 baec

241 2897 283 2966 ipse
292 2900 404 2955 Nicasna
414 2902 514 2955 fuisset
544 2901 662 2972 Denique
679 2906 735 2955 tote
749 2898 813 2955 huso
825 2900 968 2981 Epiphauii'
974 2902 1113 2973 disputatio
1125 2902 1252 2971 insterni
1263 2909 1290 2957 et
1300 2902 1379 2974 λόγου

242 2980 295 3052 χάριν
305 2992 440 3057 assumpta
449 2984 513 3040 mihi
523 2986 667 3040 ridebatur.
701 2986 770 3040 Sans
787 2987 879 3057 negari
891 3004 945 3042 non
955 2992 1054 3058 potest,
1070 3004 1148 3058 quum
1165 2990 1188 3042 ei
1203 2988 1267 3043 ieris
1277 3008 1302 3043 r.
1313 2990 1379 3043 cele·

241 3067 311 3123 bracae
323 3070 457 3127 Christum
468 3072 666 3137 existimaverit,
677 3072 843 3143 probabiliter
854 3072 905 3127 ista
917 3072 1043 3125 dicautur.

292 3156 384 3211 Vsrurn
397 3156 459 3209 dum
471 3155 534 3210 haec
545 3157 668 3211 attentius
680 3163 833 3227 perscrutor,
846 3157 961 3227 comperi
972 3156 1050 3209 aliem
1061 3157 1218 3211 sanctissimi
1229 3159 1310 3229 patris
1325 3160 1380 3230 opi·

242 3236 327 3294 nionsur
336 3242 432 3307 fuisse,
450 3248 476 3295 et
487 3242 579 3295 falsam
590 3242 663 3295 illam
675 3240 790 3312 quidem,
806 3240 851 3295 sed
868 3241 900 3295 ab
918 3257 949 3294 eo
966 3246 1054 3293 tamen
1066 3241 1203 3312 aliquoties
1214 3242 1379 3309 inculcemus,

242 3324 344 3380 linitum
355 3326 464 3381 ludaeos
475 3328 612 3398 plerosque
624 3342 683 3380 cum
694 3325 796 3381 Christo
810 3324 908 3397 pasche
923 3342 1001 3379 suurn
1016 3326 1112 3379 obiisse
1126 3344 1180 3384 nou
1195 3327 1260 3380 ieris
1269 3346 1307 3393 r.,
1324 3329 1379 3382 sire

242 3410 305 3475 pridie
315 3412 368 3467 eius
380 3412 444 3477 disi,
457 3429 507 3483 quo
518 3428 610 3483 pessus
623 3418 673 3476 est,
686 3411 732 3465 sed
742 3412 807 3465 ieris
817 3412 901 3467 tertia.
925 3411 999 3475 Quod
1009 3412 1096 3482 ipsum
1107 3410 1282 3465 disertissimis
1292 3413 1379 3467 uerbis
1404 3441 1426 3481 p„
1435 3432 1480 3474 rra.

244 3490 301 3548 dmet
309 3498 335 3551 in
345 3498 416 3551 ealce
427 3498 530 3551 Panarii
546 3496 635 3564 huius,
652 3498 679 3551 in
690 3496 859 3569 lixpoeitions
870 3494 943 3550 Fidei
958 3514 1030 3550 uum.
1042 3514 1107 3553 run.
1141 3496 1191 3551 Ubi
1207 3497 1238 3551 de
1255 3497 1380 3552 ecclesiae

243 3576 316 3634 ritibus
330 3599 411 3653 agene
424 3584 542 3637 meminit
552 3584 619 3636 inter
630 3588 730 3636 caetera
741 3582 830 3636 ieiunii
842 3588 949 3653 quartae
965 3598 997 3636 ac
1007 3588 1097 3636 sextae
1107 3582 1201 3649 ferias,
1216 3582 1290 3637 cuius
1306 3583 1380 3637 insti-

244 3664 280 3716 tuti
293 3684 407 3722 causum
423 3667 516 3739 aperit:
540 3666 621 3735 ἐπειδή
638 3684 681 3738 περ
698 3665 870 3738 ἱπιφωοκούοῃ
887 3665 984 3738 τετράδι
1000 3667 1137 3739 οονολήφθη
1150 3667 1163 3721 b
1175 3669 1269 3739 κύριος,
1286 3668 1326 3721 acl
1341 3674 1379 3741 τῷ

245 3750 389 3825 ΐροσοββᾶτῳ
402 3750 555 3823 ἒοταυρώθηι
582 3753 706 3815 Quoniam
716 3753 821 3806 'inerme
833 3758 1008 3823 quartaserr'o
1020 3754 1210 3825 comprehensus
1221 3764 1259 3807 eet
1267 3756 1381 3808 domim

245 3840 327 3901 rifan-ia
337 3856 361 3892 v.
374 3841 517 3909 crecrfiuue.
552 3838 609 3903 Quo
626 3838 711 3909 posito
727 3854 889 3908 consequeus
905 3844 946 3892 est
960 3837 1092 3893 Christum
1109 3855 1141 3893 ea
1155 3844 1244 3903 nocte,
1259 3854 1325 3909 quae
1341 3839 1379 3894 fe·

245 3918 294 3973 riun
303 3922 325 3975 3.
336 3924 461 3995 sequitur,
479 3932 506 3977 et
516 3922 618 3977 iudaice
629 3924 709 3977 leriae
721 3924 745 3977 4.
757 3923 886 3989 tribuitur,
904 3929 1009 3994 captum
1021 3940 1091 3988 sese,
1103 3939 1163 3977 eum
1173 3924 1251 3995 paulo
1263 3931 1323 3979 snts
1333 3941 1379 3995 pa·

246 4002 293 4057 sels
302 4008 461 4063 celebrasset
481 4008 604 4063 Audierat
614 4008 703 4079 itsque
714 4014 741 4061 et
751 4024 767 4061 s
777 4008 920 4062 maioribus
932 4014 1065 4079 acceperat
1075 4006 1234 4077 Epiphanius
1245 4009 1311 4063 duas
1320 4010 1379 4063 illae

246 4086 305 4144 larisr
321 4094 462 4149 dominicus
479 4094 596 4165 passioni
610 4093 760 4148 recolendae
773 4094 940 4163 praestitutas
955 4093 1037 4147 fuisse
1052 4108 1082 4146 sc
1096 4092 1193 4146 ieiunio
1206 4100 1378 4149 consecratas.

246 4170 295 4228 Can
306 4186 388 4235 sutem
401 4185 471 4233 certo
483 4184 612 4233 enumeret
621 4178 687 4232 ieris
697 4196 733 4232 rr.
744 4178 771 4231 in
783 4194 858 4233 cruos
869 4178 997 4231 suffixum
1008 4194 1077 4242 esse,
1092 4178 1166 4231 nulla
1179 4180 1308 4250 passionis
1323 4179 1378 4230 eius

247 4268 322 4315 terne
332 4266 388 4318 risa
399 4270 439 4319 est
451 4264 502 4318 alia
512 4280 574 4335 pars
585 4280 663 4333 quern
675 4262 869 4335 comprehensio
881 4268 908 4316 st
924 4262 1049 4331 alligatio.
1081 4260 1191 4317 Proinde
1205 4264 1271 4317 feria
1281 4280 1315 4317 rr.
1333 4278 1378 4333 ap·

248 4352 329 4410 petente
339 4356 444 4421 ceptum
456 4357 534 4423 atque
545 4350 659 4403 vinctum
671 4364 728 4402 esse
739 4348 873 4403 dominum
883 4346 998 4401 credidit
1019 4346 1109 4417 Neque
1120 4365 1181 4403 vero
1198 4349 1248 4402 ulio
1263 4354 1379 4417 tempore

248 4442 308 4496 lusu
318 4450 366 4504 quo
377 4434 466 4489 ludaei
477 4436 592 4506 plerique
603 4435 733 4488 celebrare
743 4434 833 4490 voluit.
867 4432 951 4503 Igitur
967 4432 1045 4485 etiam
1060 4433 1149 4487 ludaei
1161 4432 1226 4486 ieris
1235 4431 1312 4485 tertia
1321 4448 1379 4502 per·

249 4526 342 4583 tzttuut.
365 4520 477 4587 Vitiosa,
489 4521 547 4591 quis
558 4524 656 4591 negat?
684 4519 735 4574 Sed
747 4519 815 4591 quod
826 4518 944 4572 maxima
953 4534 1014 4588 pars
1025 4534 1056 4573 eo
1067 4518 1109 4573 die
1119 4515 1216 4590 puecha
1226 4522 1379 4584 comederet,

250 4596 308 4655 biduo
318 4621 376 4659 curu
386 4606 438 4659 illie
450 4606 606 4677 anticipavit
629 4604 691 4659 licat
702 4606 771 4659 enim
782 4604 848 4659 ieris
859 4621 883 4657 v.
899 4602 988 4655 ldartii
997 4620 1052 4657 ιιι.
1063 4601 1256 4665 celebrandurn,
1273 4616 1333 4656 curn
1350 4604 1378 4657 in

250 4677 301 4739 illc
310 4688 374 4745 dem
385 4708 439 4747 arr.
449 4690 554 4747 iudaice
564 4692 659 4747 vitiosa
670 4694 840 4745 concurreret.
876 4686 928 4741 Cur
939 4692 1027 4741 autem
1037 4688 1101 4742 adso
1111 4702 1280 4759 praepropere
1289 4686 1380 4743 ludaei

251 4766 282 4821 'lli
291 4774 377 4841 pascha
387 4776 564 4843 comederent,
575 4792 695 4831 censeam
706 4775 794 4831 sttulit
803 4774 910 4829 nullum.
930 4772 983 4827 Sed
993 4771 1043 4829 hoc
1053 4778 1142 4829 tameu
1151 4772 1300 4842 siguificare
1308 4774 1379 4829 vide·

252 4858 287 4920 ³¹¹¹·
296 4856 395 4915 ludaeos
404 4862 555 4929 nouuulios,
566 4862 685 4919 videlicet
692 4860 843 4915 Pharisaeos
851 4874 882 4913 ac
891 4858 1007 4927 Scribas,
1019 4875 1183 4915 communem
1189 4856 1259 4913 huuc
1267 4876 1378 4915 errorem
