3650 5642
1261 607 1402 662 GGOXXV

251 775 364 843 δοσαντῷ
374 773 432 843 θεῷ.
445 774 540 829 etum.
549 774 654 839 Quseet.
664 775 697 828 ed
706 775 864 830 Antiochum
873 776 981 840 Quaest.
990 795 1089 842 mm,
1098 793 1158 831 oum
1168 779 1315 848 quaesitum
1324 785 1402 844 esset,

251 867 328 912 ouum
338 867 501 912 mortuorum
514 867 677 930 peccatorum
690 862 793 914 mimae
806 861 931 914 benefima
943 863 970 914 ln
984 879 1012 915 se
1021 864 1117 916 collatu
1124 863 1257 929 sentirent,
1269 863 1402 934 γινομένων

250 943 303 1013 ὑπέρ
319 946 400 995 αὐτῶν
418 939 539 1005 ουνᾶξειον
550 944 591 996 καὶ
602 944 716 998 εὗποιῖῶν
734 945 775 998 καὶ
786 949 940 1016 προςρορῶν,
958 949 1103 1018 respondet,
1121 947 1163 1009 τὰς
1181 951 1231 1000 τῶν
1247 947 1402 1020 ἁμαρτωλῶν

251 1029 322 1099 'fixit
339 1029 447 1100 μετέχειν
465 1029 601 1100 εὐεργεσίας
627 1031 691 1092 τινὀς
717 1029 744 1082 ἔνι
770 1035 812 1098 τῆς
830 1030 890 1100 ὑπὲρ
908 1030 989 1082 αὐτῶν
1008 1031 1136 1103 γενομένης
1154 1031 1302 1104 ἀναιμάκτου
1321 1034 1403 1096 θυσίας

251 1115 285 1166 ml
301 1110 415 1175 tirmior.
452 1115 556 1186 Alioqui
573 1117 596 1169 si
614 1115 678 1170 nihil
696 1115 761 1170 haee
778 1117 843 1187 ipsis
861 1117 1022 1186 prodessent,
1050 1116 1094 1168 οὐκ
1113 1118 1140 1169 ἂν
1159 1117 1182 1170 έν
1201 1123 1230 1190 τη·
1248 1120 1403 1189 προσασμνδῇ

250 1199 443 1270 έμνημονιύοντο,
469 1200 518 1253 boc
544 1208 584 1254 est
611 1202 637 1254 io
668 1202 808 1255 oblatione.
843 1201 909 1256 Nem
929 1201 1078 1272 προςκομιδη
1109 1209 1148 1256 est
1165 1201 1299 1274 προςρορά.
1334 1205 1404 1258 Male

252 1293 330 1338 entem
348 1285 484 1355 interpres,
510 1287 543 1338 1ο
565 1305 629 1338 cura
647 1297 671 1339 et
688 1291 818 1356 οαιερυέέι.
853 1288 999 1358 Scripsernt
1016 1288 1084 1342 idem
1102 1289 1260 1343 Athanasius
1278 1289 1355 1360 λόγον
1373 1287 1404 1352 εἰς

250 1371 299 1432 τοὺς
315 1369 483 1441 κοιμηθέντας,
501 1371 576 1441 cujus
594 1373 713 1424 meminit
721 1372 898 1426 Demescenus
909 1375 937 1426 in
947 1374 1063 1443 ejusdem
1076 1376 1225 1444 argumenti
1237 1375 1362 1440 cretione,
1379 1383 1405 1428 et

251 1456 653 1526 lisleumosdGnn.1v.Apoet
687 1457 786 1510 Citutur
803 1465 830 1511 et
846 1457 984 1528 Epiphanii
1001 1459 1075 1512 locus
1093 1477 1127 1512 ex
1154 1476 1231 1530 opere
1248 1459 1362 1530 quodum
1378 1465 1406 1512 ένι

250 1543 383 1595 Proverbiu
399 1541 469 1611 tpud
481 1543 647 1595 Anastasinm
660 1541 787 1595 Nicennm
800 1542 905 1607 Queeet.
919 1561 962 1596 xx.
974 1545 1000 1596 in
1014 1544 1183 1614 Scriptorum,
1201 1545 1228 1597 in
1245 1561 1297 1614 quo
1316 1561 1405 1616 preces

250 1645 290 1698 pro
306 1629 416 1682 mortuis
443 1627 667 1680 commendantur.
701 1627 751 1692 Qui
777 1629 850 1682 locun
876 1627 982 1682 totidem
1009 1629 1063 1682 iere
1081 1629 1165 1683 verbis
1183 1631 1293 1700 sparsim
1311 1631 1338 1682 in
1356 1629 1406 1684 boo
1432 1662 1452 1700 ρ,
1469 1649 1506 1690 ree

250 1731 320 1783 opere
345 1714 499 1767 continetur.
533 1713 572 1765 De
593 1718 754 1766 mortuorum
780 1720 914 1783 praeterea
940 1716 1185 1768 commemoratione
1202 1717 1228 1768 ln
1247 1715 1405 1768 eelnteribus

249 1802 322 1852 eteris
340 1800 459 1852 meminit
477 1797 624 1850 Concilium
642 1798 878 1858 Vaseneecun.1r.
906 1806 932 1853 et
950 1800 1072 1870 Gurtbug.
1086 1819 1123 1854 ιιι.
1151 1801 1213 1856 Gan.
1226 1817 1308 1864 mn,
1326 1807 1353 1852 et
1369 1819 1405 1854 τε.

250 1885 406 1948 Ganurxrx,
425 1892 455 1936 nt
471 1885 522 1936 alis
538 1884 640 1936 infinita
657 1885 870 1953 praetermittam,
890 1887 1057 1955 meximeque
1076 1887 1235 1941 Graecorum
1253 1903 1284 1940 ac
1301 1885 1406 1940 Lutino·

249 1987 300 2022 mm
325 1971 523 2039 antiquissimus
548 1969 677 2036 liturgiae.
711 1969 946 2024 luculentissimue
972 1989 1033 2024 vero
1060 1981 1100 2026 est
1125 1974 1190 2026 ulter
1206 1973 1250 2026 ille
1267 1969 1405 2042 llpiphenil

250 2057 315 2109 loeus
332 2055 404 2111 bser.
417 2073 496 2110 nur.
513 2071 586 2109 num.
604 2072 655 2118 vrr,
676 2055 704 2108 in
722 2071 773 2126 quo
791 2061 952 2108 mortuorum
972 2057 1081 2126 duplicis
1098 2059 1201 2128 generis
1219 2071 1405 2111 commemora·

250 2143 342 2196 tionem
359 2143 388 2195 in
405 2141 533 2194 sucrificio
551 2141 608 2194 fiori
625 2140 707 2206 docet,
722 2142 854 2211 justorum
872 2151 899 2194 et
915 2149 1087 2212 peccatorum.
1122 2144 1219 2196 Horum
1237 2143 1352 2214 quidem,
1369 2142 1407 2196 uti

251 2227 358 2282 divinum
377 2244 425 2297 pro
442 2227 495 2280 illie
513 2226 717 2280 misericordium
735 2227 912 2297 imploremus.
947 2227 1083 2281 Justorum
1101 2235 1187 2282 eutem
1204 2245 1234 2282 uc
1247 2235 1406 2294 sanctorum,

250 2323 276 2366 nt
291 2315 424 2383 singulare
442 2311 537 2367 Christi
559 2313 657 2366 domini
674 2313 839 2382 privilegium
857 2321 1027 2382 agnoscatur,
1050 2315 1093 2384 qui
1112 2316 1145 2368 ab
1162 2315 1322 2384 reliquorum
1339 2333 1406 2369 mor·

250 2401 334 2454 talium
353 2399 502 2453 conditione
519 2406 681 2468 segregetur.
716 2397 754 2450 Do
765 2407 908 2467 martyrum
922 2401 1169 2453 commemoratione
1182 2401 1280 2470 poesim
1292 2401 1407 2470 loquitur

251 2486 404 2558 Cyprianus,
421 2485 494 2537 utin
513 2484 559 2554 Ep.
572 2501 666 2542 mrv:
683 2484 823 2553 Sacrificio
832 2505 882 2554 pro
900 2489 950 2548 οἱα,
967 2485 1064 2555 iuquit,
1081 2505 1190 2555 temper,
1210 2495 1237 2538 ut
1253 2489 1407 2548 ruemirtistis,

251 2575 383 2641 offerimus,
410 2574 505 2640 quoties
531 2580 670 2636 martyrem
691 2575 826 2639 pmeiocea
851 2583 876 2623 et
900 2573 955 2623 dice
977 2575 1158 2624 crinioereario
1177 2575 1408 2624 commemoratione

252 2659 410 2710 celebrantia.
445 2654 519 2718 Quod
542 2654 574 2707 ed
596 2656 749 2708 memorium
766 2655 1037 2726 praedicationemque
1055 2665 1199 2724 martyrum
1217 2655 1294 2709 debet
1310 2655 1408 2720 relerrl,

252 2741 465 2808 quemsdmodum
477 2741 541 2794 etin
553 2757 643 2794 eornm
654 2741 793 2793 memorius
806 2741 897 2793 altorio
909 2743 1140 2795 constituebantur.
1156 2743 1296 2813 Augustiu.
1307 2743 1351 2796 lib.
1364 2760 1408 2796 xx.

252 2837 334 2882 oontm
350 2829 477 2881 Faustum
496 2843 551 2897 cap.
564 2845 618 2879 nr.
637 2826 761 2878 adversus
780 2826 946 2879 blunicbaeoe
965 2829 1112 2897 disputent,
1131 2829 1175 2898 qui
1194 2828 1313 2882 similiter
1330 2833 1409 2898 utque

251 2913 362 2968 hodierni
373 2915 507 2965 στασιῶται
518 2913 657 2966 memorius
670 2918 814 2980 murtyrum
831 2913 859 2964 in
875 2912 946 2965 idolu
958 2920 1105 2967 convertere
1122 2913 1262 2968 catholicoe
1273 2914 1408 2985 impuden-

251 3000 345 3053 tissime
362 2998 579 3062 criminabuntur,
598 2997 638 3050 bie
656 2997 742 3052 verbis
761 2997 852 3049 utitur:
871 2999 982 3068 Populus
1001 3009 1082 3051 autem
1096 2998 1258 3052 Christianus
1275 3003 1409 3053 memoriae

252 3097 385 3154 martyrum
402 3085 525 3151 reiiyioeu
542 3085 690 3136 mierrnitote
713 3083 885 3146 concelebrat,
907 3093 932 3134 et
949 3085 985 3134 ud
1008 3087 1169 3135 excitandum
1187 3089 1364 3149 imitationem,
1382 3094 1411 3137 ot

252 3175 342 3223 meires
353 3187 436 3222 eorem
448 3173 618 3232 committur,
638 3179 711 3236 atque
729 3169 885 3220 orationibue
897 3169 1039 3236 acb'ucctur.
1076 3168 1120 3219 Itu
1133 3177 1216 3221 tamem
1228 3181 1255 3222 ut
1267 3171 1330 3220 ttulit
1341 3189 1409 3222 mar·

252 3265 339 3321 vrum,
359 3257 407 3307 aed
425 3258 478 3324 ι’ρεέ
498 3256 544 3306 deo
566 3262 706 3320 martyrem
727 3255 913 3319 sacrificemus,
936 3256 1049 3320 quumvis
1070 3257 1097 3303 in
1119 3257 1254 3305 memorius
1272 3265 1410 3322 martyrum

252 3346 425 3393 constituamur
447 3341 554 3392 altario.
591 3338 655 3399 Quo
676 3342 740 3390 euim
763 3343 901 3392 antistitem
924 3342 951 3388 io
974 3339 1036 3389 iocis
1056 3346 1201 3389 cunctorum
1220 3357 1351 3408 corporum
1370 3357 1409 3391 ur-

251 3431 336 3478 eieteue
347 3428 430 3478 altori
439 3426 578 3493 aliquando
588 3425 665 3476 dixit:
682 3423 816 3493 Offerimue
828 3425 885 3486 tibi,
898 3423 981 3487 Petro,
994 3433 1039 3475 uui
1047 3423 1139 3487 Paule,
1154 3433 1198 3474 cut
1207 3423 1352 3494 Cypriane!
1363 3435 1409 3480 etc.

313 3509 427 3564 Ἐωῠινοέ
444 3527 470 3561 τε
492 3509 564 3579 ὕμνοι
581 3506 606 3560 έν
624 3508 706 3579 αὐτῇ]
742 3509 780 3562 De
800 3511 929 3562 matutino
957 3525 987 3562 uo
1005 3515 1164 3562 caeterarum
1183 3507 1305 3562 horarum
1323 3508 1410 3562 oificio

253 3597 386 3666 diligenter
408 3596 436 3648 in
453 3595 599 3648 Annalibus
622 3601 648 3646 et
669 3595 703 3648 sb
720 3595 777 3648 eliis
800 3594 954 3665 disputetur.
989 3593 1026 3648 De
1044 3594 1217 3647 lucernalibus
1234 3593 1343 3663 psalmis
1361 3592 1411 3648 hoo

251 3683 430 3735 adscribimus:
454 3680 588 3733 Socratem
610 3680 654 3732 lib.
669 3697 692 3734 v.
710 3696 766 3750 cap.
778 3698 846 3734 xm.
867 3697 912 3733 eae
936 3681 1067 3750 appellere
1089 3679 1130 3740 τὰς
1153 3677 1177 3730 έν
1195 3681 1247 3740 ταῖς
1265 3677 1411 3750 λυχναψίαις

255 3765 332 3836 εὐχάς.
367 3765 417 3829 Qui
435 3765 531 3818 ibidem
553 3764 625 3818 addit
646 3767 673 3818 in
691 3765 777 3836 Cypro
795 3781 826 3818 ao
843 3765 970 3818 Caesarea
988 3767 1096 3818 subbato
1115 3771 1140 3818 et
1157 3765 1288 3818 dominica
1305 3763 1341 3816 dcl
1358 3767 1412 3834 περὶ

251 3848 347 3921 ἑσπέραν
360 3849 421 3920 μετὰ
432 3853 474 3917 τῆς
485 3850 622 3921 λυχναψέας
632 3852 689 3912 τοὺς
702 3849 878 3920 πρεσβυτέρους
890 3850 931 3901 οιαὶ
942 3848 1090 3911 ἐπισκόπους
1106 3849 1148 3910 τὰς
1161 3847 1256 3920 γραφὶς
1268 3847 1411 3920 ἑρμηνεύειν.

251 3935 343 3992 (loncil.
361 3936 595 3991 Tolet.1.0an.1r.
619 3939 791 3989 lucernarium
813 3936 935 4006 appellat.
971 3935 1048 3988 Vetat
1069 3936 1138 3988 enim
1157 3941 1291 4006 professus
1313 3947 1357 3987 out
1375 3939 1411 3986 ui-

251 4023 312 4074 duus
328 4025 396 4075 domi
412 4039 475 4073 moe
492 4023 659 4092 antiphonam
678 4041 733 4074 cum
753 4027 893 4090 consessore
911 4021 950 4072 oei
965 4037 1037 4070 cervo
1054 4037 1099 4072 tuo
1109 4023 1218 4088 socero,
1241 4021 1341 4073 absente
1358 4024 1411 4089 cpi·

251 4125 321 4176 acopo
342 4109 384 4159 uei
395 4107 553 4177 presbytero.
590 4107 774 4160 Lucerum-iem
791 4125 862 4169 vero,
882 4105 976 4174 inquit,
1000 4107 1050 4155 ttici
1066 4109 1093 4155 tn
1111 4105 1220 4157 ecclesia
1238 4107 1410 4172 conlocatur.

252 4191 285 4244 lle
301 4192 377 4247 nonis
395 4199 421 4246 et
437 4193 552 4262 vesperis
570 4191 673 4248 Laodic.
691 4192 810 4246 meminit
827 4191 890 4244 Gen.
902 4207 977 4243 xvm.
1012 4187 1076 4241 Vide
1093 4187 1238 4242 etTertull.
1256 4189 1299 4244 lib.
1317 4195 1412 4248 contre

252 4276 346 4348 l‘tyeh„
365 4275 516 4348 Agsthense
533 4277 595 4332 Oen.
607 4295 669 4331 m.
