3650 5642
1328 618 1397 676 *IN

253 775 367 826 atreum
376 771 440 827 iliud
449 771 588 828 mannan
597 789 658 828 eum
668 772 803 844 Seriptura
811 778 920 846 pugnat.
949 769 984 826 Ut
999 775 1027 826 ot
1039 771 1105 828 iilud
1120 770 1191 844 qnod
1203 771 1297 828 asserit
1310 771 1395 828 hohas

252 871 330 912 unos
340 872 461 928 regnasse
476 876 532 924 rrr,
547 860 590 914 oui
598 876 647 914 ινι
661 858 797 930 Seriptnrs
811 859 904 914 tribuit
918 877 954 916 rr.
970 857 1037 928 lieg.
1050 873 1107 928 esp.
1116 875 1170 924 ινν,
1182 857 1206 914 2.
1231 857 1323 928 Neque
1333 874 1394 914 uero

250 942 330 996 ninus
343 949 444 998 eaetm
457 943 526 1000 arsa
539 949 609 1000 aaut
637 944 693 999 iioo
708 944 779 1000 euIm
793 945 938 1010 oraoulam,
954 943 1025 1015 quod
1039 943 1122 998 isaiae
1138 961 1184 998 vu.
1199 943 1307 1014 legitur:
1325 943 1396 998 Eoos

250 1031 318 1095 οιήο
326 1032 447 1099 weoipr'es
456 1039 517 1094 ero„
531 1031 582 1086 sub
596 1029 662 1084 iilud
674 1035 778 1100 tempus
788 1030 988 1101 pronunciatum
1000 1034 1041 1084 set
1052 1045 1104 1100 quo
1116 1028 1197 1084 Rasin
1208 1045 1256 1084 rex
1267 1028 1358 1098 Syriis
1369 1035 1396 1084 et

250 1111 340 1168 I'hsoee
347 1113 416 1168 fitius
425 1114 560 1170 liorneiise
570 1130 618 1170 rex
628 1114 709 1170 lenti
719 1113 843 1170 adversus
852 1114 938 1170 amu
950 1115 1092 1170 exereitum
1104 1113 1242 1170 duxerunt.
1267 1114 1322 1170 Iam
1334 1131 1394 1170 vero

249 1197 327 1251 ahu
340 1214 410 1254 enno
423 1199 525 1255 Phaeee
539 1218 605 1256 xm.
621 1215 732 1270 regnare
746 1200 845 1271 eoepit,
860 1217 896 1254 rr.
910 1200 976 1270 lieg.
988 1218 1046 1266 rvr,
1064 1199 1088 1254 Π.
1116 1198 1199 1269 Igitur
1217 1205 1335 1254 mortuus
1355 1205 1396 1256 est

247 1281 338 1338 Phseee
346 1285 506 1340 mosmos
513 1303 559 1352 rr..
570 1285 616 1357 qui
625 1284 744 1340 Iosthe'm
754 1303 799 1340 ιι.
810 1301 867 1356 osp.
875 1303 919 1342 ιν.
932 1285 1033 1351 dieitur,
1044 1283 1094 1340 hoo
1105 1291 1146 1340 eet
1156 1285 1190 1338 ab
1202 1285 1308 1340 exordIo
1320 1286 1395 1356 regni

248 1367 357 1434 lomim
367 1371 416 1440 qui
424 1372 501 1426 aunis
512 1389 559 1426 m
568 1371 702 1442 regnarit,
712 1370 769 1428 eod
779 1386 837 1441 cap.
845 1387 939 1426 oomm
948 1369 990 1428 33.
1007 1371 1089 1426 Panlo
1101 1387 1161 1424 rero
1173 1376 1234 1440 post
1243 1371 1394 1426 vaticinium

247 1453 305 1508 iilud
314 1455 541 1527 Tegiethphsisses
549 1456 718 1526 Assyriorum
728 1472 789 1521 rer,
805 1455 880 1510 ouius
895 1473 971 1527 opem
982 1455 1064 1512 hohas
1080 1457 1276 1526 imploraverat,
1291 1461 1395 1510 vastata

247 1537 404 1607 Syr‘ndasiu
415 1541 556 1607 humanit,
572 1557 630 1612 esp.
641 1559 695 1598 rus.
718 1541 771 1596 Diu
784 1541 874 1612 itaque
890 1547 950 1596 ante
966 1559 1001 1596 rr.
1013 1541 1098 1596 hohas
1115 1540 1180 1596 illud
1197 1541 1230 1594 ab
1242 1541 1310 1594 isaia
1321 1557 1393 1612 prae·

247 1623 334 1678 dietum
345 1631 397 1692 eet,
408 1632 501 1698 atque,
512 1627 553 1681 uti
563 1627 683 1682 eredibiie
694 1631 748 1692 est,
764 1626 814 1680 snb
825 1627 896 1682 illius
907 1627 1043 1682 exordium
1055 1631 1100 1682 aut
1111 1625 1205 1682 saltem
1215 1641 1268 1682 uuo
1280 1627 1393 1682 alterove

244 1716 300 1779 post
308 1727 384 1768 anno.

305 1789 353 1848 ’Πν
364 1796 392 1850 δά
403 1795 527 1866 σάββατον
538 1797 755 1869 δαοτφάαβωτον]
780 1797 862 1853 Vetus
876 1798 922 1852 ilis
938 1798 1056 1868 quaestio
1073 1802 1126 1863 eet,
1142 1796 1206 1868 quid
1220 1797 1256 1850 sit
1270 1794 1392 1866 σάββατον

244 1881 444 1952 δοααρόκροτονι
456 1882 489 1936 de
500 1898 553 1952 qua
562 1887 713 1938 nostorum
722 1883 771 1938 PP.
782 1883 869 1938 variae
880 1889 942 1938 eunt
952 1899 983 1938 ao
994 1883 1166 1953 disorepautee
1178 1881 1335 1947 oenandae,
1345 1882 1393 1936 sed

243 1965 360 2034 isepriruie
371 1966 466 2022 isidori
475 1967 620 2022 Pelusiotae
631 1969 706 2039 epist
712 1983 755 2022 or.
763 1967 809 2022 lib.
815 1985 863 2034 ru„
874 1967 1053 2038 chrysostomi
1063 1967 1152 2022 homil.
1161 1985 1253 2022 rrrrs.
1264 1967 1292 2020 iu
1300 1966 1391 2022 Matth.
1450 1965 1455 1978 ⁵

243 2059 266 2102 et
274 2050 410 2122 Rpiphanii
419 2069 479 2106 enm
490 2051 540 2106 hoo
549 2053 619 2118 loeo,
631 2060 689 2107 tum
699 2053 799 2107 haeresi
809 2071 854 2119 aa,
865 2069 937 2108 num.
949 2071 1021 2110 mr.
1049 2053 1165 2118 Quorum
1176 2052 1281 2123 quidem
1293 2051 1392 2122 opinio·

243 2153 283 2188 uos
293 2143 432 2208 utrumque
442 2154 504 2192 oum
516 2139 556 2192 rei
566 2139 674 2192 veritate
690 2143 879 2192 oousentamse
892 2145 967 2205 suat,
984 2140 1018 2192 ab
1033 2138 1218 2192 recentioribus
1236 2137 1391 2207 quibusdam

243 2237 326 2290 parum
339 2222 452 2276 fideliter
467 2239 607 2293 expressae
622 2232 691 2280 eunt
716 2223 785 2278 iiam
798 2229 830 2278 ut
844 2225 877 2278 ab
891 2223 990 2278 Isidoro
1004 2224 1132 2288 exordiar,
1149 2223 1177 2278 in
1188 2222 1332 2276 Annalibus
1343 2222 1391 2276 Eo-

243 2307 343 2362 tiesisst.
353 2323 425 2362 anuo
437 2305 533 2362 Christi
543 2326 639 2374 mm,
654 2325 726 2364 num.
737 2327 781 2374 n..
797 2309 890 2364 Isidori
904 2308 969 2364 haeo
984 2308 1093 2364 refertur
1109 2309 1317 2380 approbaturque
1333 2323 1391 2360 sen·

243 2393 324 2446 batia:
345 2391 478 2462 Σαββάισν
489 2393 686 2463 δενταρόπροντον
699 2396 772 2448 iiioor
781 2397 866 2464 sorbes
882 2397 949 2450 diora
964 2412 1029 2464 pane
1043 2403 1101 2464 poet
1112 2397 1226 2464 primam
1240 2393 1390 2460 Arymorum

242 2481 425 2547 κοσμίων,-
435 2482 522 2548 sieque
533 2481 627 2532 Πίστωνι
636 2479 770 2532 sabbatum
780 2482 1020 2550 secondo-primata,
1032 2495 1075 2532 seo
1086 2479 1218 2532 sabbatam
1230 2496 1261 2532 ar
1271 2479 1390 2544 robiate,-

243 2563 442 2633 ranem«,
458 2565 525 2633 qaod
534 2565 622 2618 eodem
634 2565 832 2618 Ποασνοαίάάοατ
845 2569 873 2618 io
883 2565 1016 2618 sabbatam
1032 2563 1269 2628 hebdomadarium,
1286 2565 1391 2617 duorum

238 2651 349 2714 aeon·
359 2651 535 2702 ooaiaaotiooe
546 2651 639 2703 acron
651 2667 704 2704 esse
714 2650 845 2703 rothome
855 2650 1025 2704 rabbotoraor.
1042 2649 1154 2704 Subiioit
1164 2649 1270 2716 deiude,
1282 2649 1391 2704 eandem

241 2749 291 2786 esse
300 2741 326 2788 et
334 2731 479 2805 Epiphanii
488 2735 656 2801 mundam,
673 2735 726 2790 imo
738 2740 765 2790 et
775 2735 884 2800 sudu,
902 2737 961 2790 dom
972 2739 1099 2805 oitfise'soe
1110 2753 1167 2788 eom
1179 2737 1244 2788 diem
1254 2737 1390 2790 recaredum
1416 2765 1436 2806 μ.
1446 2752 1476 2796 aa.

241 2817 376 2884 Panionio,
388 2838 464 2888 οσανν
475 2829 558 2872 wareo
569 2824 797 2890 noniaotprbaom
802 2821 960 2890 dromonem
976 2821 1028 2876 Sed
1039 2821 1067 2876 in
1078 2821 1110 2874 iis
1121 2819 1206 2876 rathis
1219 2821 1269 2874 duo
1282 2827 1345 2874 suut
1355 2837 1389 2876 ex

241 2901 328 2958 Isidoro
338 2908 433 2959 eontra
444 2904 536 2959 Isidori
546 2911 662 2960 menum
672 2911 699 2959 et
710 2906 853 2960 orationem
863 2907 950 2962 allata.
972 2907 1102 2973 Alterum,
1114 2907 1253 2960 sabbatum
1263 2907 1390 2960 seeundo·

241 2990 418 3058 mommo
426 2991 499 3044 iiiam
507 2991 631 3060 appellari
639 3008 706 3062 qnae
714 2997 775 3063 post
783 2992 1056 3062 priuasmhsymorum
1065 3009 1129 3046 mox
1137 2992 1261 3062 seqnitur.
1275 2993 1389 3050 isidorus

241 3077 299 3130 oin
308 3076 448 3148 perspiorm
458 3076 569 3147 primam
579 3075 830 3147 Ipsam⁶Arymornm
838 3078 907 3132 hem
913 3078 1053 3133 sabbatum
1064 3079 1102 3132 ait
1112 3095 1170 3132 eaeo
1179 3077 1389 3150 beareptrporoe3

242 3162 298 3229 quod
308 3163 452 3215 sabbatum
461 3161 519 3216 ideo
528 3167 643 3228 roostut,
660 3162 819 3233 quiandaei
830 3162 900 3218 ieeta
911 3164 1002 3218 omnis
1017 3163 1120 3218 sabbah'
1136 3163 1241 3218 nomiae
1253 3164 1390 3234 complenti

241 3249 320 3304 aaut
350 3247 557 3317 Δωτιρόπρωτον
573 3265 634 3303 rero
652 3255 789 3319 propterea
804 3247 905 3315 dieitur,
926 3248 995 3319 quod
1011 3248 1126 3302 secunda
1141 3249 1176 3302 sit
1191 3264 1208 3300 a
1221 3246 1347 3302 Pasohate
1364 3254 1390 3302 et

241 3331 387 3399 ispum
398 3333 491 3402 prima.
506 3333 600 3388 Isidori
605 3335 685 3388 rerba
691 3341 765 3389 sunto
777 3334 979 3404 Δεντιράπρωτον
989 3333 1086 3404 εἴρηται,
1099 3331 1180 3400 isaii
1193 3333 1290 3402 δεύτερα
1303 3330 1346 3402 μὲν
1359 3327 1388 3399 ἦν

242 3422 276 3467 τα]
284 3416 389 3488 Πάσχα,
401 3419 501 3486 πρῶτον
512 3417 540 3472 di
551 3421 601 3471 τῶν
617 3419 737 3490 Ἀζάνων·
750 3417 852 3489 άσπάρας
870 3417 917 3490 γάρ
930 3419 1024 3480 θύοντας
1036 3417 1064 3470 rb
1077 3415 1168 3489 Πάσχα
1179 3422 1208 3488 τῇ
1220 3415 1272 3484 iiie
1284 3416 1327 3484 τὴν
1339 3419 1388 3470 τῶν

242 3499 342 3572 ‘iiim
349 3501 528 3573 ἐκανηγόβιζον
536 3501 630 3574 δορα-ὴν,
640 3505 670 3570 ἣν
679 3503 720 3556 καὶ
728 3505 923 3575 δανννράαροντον
932 3502 1034 3558 istrione
1046 3504 1086 3557 bri
1097 3503 1139 3572 rb,
1151 3500 1184 3564 ὡς
1196 3499 1264 3573 ἔφην,
1276 3501 1388 3574 δευτέραν

242 3585 276 3652 pis
284 3584 343 3640 eim
352 3593 400 3640 τοῦ
411 3586 516 3658 Πάσχα,
527 3589 626 3659 πρώτην
635 3589 665 3642 ei
673 3592 722 3643 τῶν
734 3588 855 3659 ’thipasa
872 3590 1011 3645 Manifesta
1020 3589 1130 3660 primam
1138 3589 1223 3660 ipsam
1231 3589 1389 3659 Armorum

242 3671 297 3726 dien
306 3673 508 3743 ααοτφάαρωτον
518 3675 648 3741 nomiari,
659 3691 717 3730 eam
725 3675 846 3730 videlieet
855 3676 904 3730 sub
916 3677 988 3730 ouius
999 3675 1112 3746 priorem
1122 3691 1258 3746 vesparum
1269 3675 1388 3730 immola·

242 3763 286 3811 tau
299 3765 342 3812 est
355 3757 470 3824 Pascha,
488 3777 542 3814 uon
557 3760 592 3812 ab
607 3761 654 3814 ilia
668 3761 810 3816 seeundum
824 3777 856 3815 ao
871 3761 1027 3833 proximam.
1051 3761 1144 3816 Isidori
1155 3762 1235 3816 verba
1251 3777 1298 3816 suo
1315 3779 1388 3816 more

241 3841 322 3898 bridas
332 3844 484 3916 useripsit
517 3845 634 3900 hlterurn
654 3847 724 3917 quod
740 3847 774 3902 ab
790 3846 882 3902 Isidori
895 3848 1025 3902 sententia
1040 3846 1176 3902 abhorrere
1191 3847 1246 3901 dixi
1260 3848 1324 3902 iilud
1341 3853 1388 3914 eet,

242 3929 296 3996 qaod
309 3931 338 3984 in
354 3929 467 3984 eandem
478 3929 546 3984 dem
557 3932 697 3986 sabbatum
706 3933 852 4002 legitimum
867 3937 895 3986 et
904 3931 1134 3986 hebdomadarium
1150 3933 1295 3998 incidisset,
1312 3934 1345 3988 ob
1360 3933 1387 3986 id

241 4013 367 4070 abbatum
376 4015 547 4070 sabbatorum
557 4019 715 4088 appellatum
724 4018 815 4072 fuisse.
841 4017 893 4072 Sed
908 4018 1035 4073 eiusmodi
1052 4016 1116 4072 nihii
1131 4018 1165 4072 ab
1174 4017 1274 4072 Isidoro
1286 4018 1385 4074 dioitur.

240 4096 283 4150 Ποα
295 4117 392 4165 mum,
408 4105 439 4154 nt
453 4102 581 4156 rationem
597 4102 716 4158 redderet
730 4119 776 4157 our
787 4103 925 4158 sabbatum
937 4105 1022 4175 prima
1031 4103 1076 4157 iila
1087 4103 1141 4157 dies
1152 4105 1310 4174 Azymorum
1321 4119 1386 4158 unu·

241 4192 348 4253 «μανι,
369 4186 521 4251 subiunxit,
536 4188 675 4242 sabbatum
689 4205 707 4241 a
721 4188 822 4244 Indaeis
841 4188 939 4242 semum
956 4205 1059 4244 omnem
1076 4188 1145 4242 diem
1160 4191 1258 4255 rooari,
1276 4188 1385 4258 indeque

242 4269 446 4341 benedicerem
456 4271 520 4324 iliud
531 4287 666 4338 manuue,
680 4273 793 4342 σάββατα
809 4272 948 4343 σαββάτων,
965 4273 1088 4344 quoniam
1106 4275 1237 4330 arridebat
1248 4271 1385 4339 interdum,

242 4361 264 4404 ¹1
276 4357 388 4410 aiiouius
402 4356 466 4410 festi
481 4357 638 4428 principium
653 4364 700 4412 aut
714 4358 775 4412 tinia
793 4359 822 4412 in
840 4358 1070 4414 hebdomadarium
1090 4361 1229 4414 sabbatum
1248 4357 1384 4424 incideret3

242 4441 448 4506 modom
458 4441 529 4512 apud
540 4442 700 4498 Christianos
714 4444 809 4498 mtalis
821 4443 928 4510 Christi,
944 4443 994 4498 hoo
1008 4450 1049 4498 est
1058 4444 1215 4516 Epiphania,
1232 4445 1260 4496 in
1275 4443 1384 4498 domiui·

242 4527 415 4582 nuiueurnb:
428 4526 503 4580 Οὕτω
512 4527 553 4580 ssi
561 4525 620 4598 παρ’
629 4527 712 4592 αὐτοῖς
720 4528 736 4596 ἡ
745 4528 948 4601 καὶὴπαννβγνρις
955 4533 992 4600 τῷ
1001 4529 1119 4602 σαββάτῳ
1128 4529 1262 4594 συνάπαντα,
1272 4527 1384 4599 σάββατα

243 4610 355 4679 ναββάων
365 4609 489 4665 incidire.
515 4611 702 4685 Corrigendum
713 4612 733 4666 ei
744 4615 784 4666 sai
795 4612 810 4681 ἡ
822 4632 878 4670 σαν.
904 4615 988 4679 Quare
996 4633 1050 4670 noo
1067 4631 1097 4670 eo
1114 4631 1194 4680 anno,
1209 4629 1288 4684 quem
1298 4614 1383 4671 Lnoas

243 4703 422 4763 munerat,
432 4713 589 4754 oenomaum
599 4699 675 4754 ilium
684 4699 806 4754 incidisse
817 4700 907 4754 soribit
918 4699 1039 4768 isidorus,
1055 4701 1101 4756 sed
1113 4699 1178 4754 aliae
1189 4701 1312 4770 potuisse,
1324 4719 1383 4756 oum

243 4780 332 4838 athre
340 4784 517 4838 abbatorum
527 4790 688 4840 roosrentur.
704 4784 796 4840 Isidori
805 4786 879 4840 loeus
890 4787 1038 4842 neoeaaario
1050 4785 1233 4842 adscribendus
1245 4793 1297 4842 est:
1315 4786 1345 4842 Ei
1356 4787 1382 4842 bi

246 4866 343 4941 *biit-p
353 4868 463 4940 ἄρηται,
473 4867 654 4942 μὴθανβάσῃς,
678 4867 806 4940 tappete
822 4866 870 4940 γάρ
885 4871 965 4924 πᾶσαν
983 4870 1066 4942 άορτὴν
1082 4869 1197 4944 καλοῦσι,
1213 4870 1254 4926 rai
1265 4873 1305 4930 διά
1315 4871 1383 4928 ταῦτ’
