3650 5642
421 606 531 673 CXXIV

419 764 507 819 rienes
518 754 570 819 alie
581 763 640 818 loco
650 763 810 835 probabitur.
833 763 868 817 At
877 763 905 817 in
917 762 1029 828 Iuliana,
1046 762 1101 817 sire
1112 762 1168 817 fixe
1182 761 1321 833 stabitque
1336 763 1401 817 anni
1415 762 1505 828 ierne,
1520 761 1557 815 lle

420 850 591 903 catombaeon
601 848 686 903 haesit
695 849 724 902 in
735 848 814 914 Iulio,
826 850 920 919 reliqui
931 853 1068 919 sequentes
1079 847 1194 902 Iulianos
1204 864 1308 902 menses
1319 849 1492 903 obtinuerunt
1511 847 1558 901 Ple·

418 932 523 989 tarehue
535 950 595 989 cum
607 934 751 989 Atticorum
761 934 892 989 mensium
905 934 1037 998 meminit,
1053 949 1243 1003 nonnunquam
1257 933 1328 987 fixos
1343 934 1406 987 illos
1421 950 1451 987 ac
1463 933 1560 987 Iulianos

418 1020 547 1090 intelligit.
572 1018 645 1091 Quod
657 1024 745 1073 autem
756 1036 846 1074 eorum
858 1021 952 1073 seriem
963 1019 1134 1073 Athenienses
1145 1019 1306 1073 retexuerint
1322 1023 1349 1071 et
1359 1018 1508 1073 Hecatomb.
1519 1023 1560 1069 sta

416 1106 489 1165 ticue
497 1104 663 1170 dimoveriut‚
675 1104 744 1159 haud
755 1105 810 1159 scio
822 1121 855 1159 eu
867 1122 902 1159 ex
913 1105 965 1160 alie
977 1105 1102 1175 scriptore
1112 1121 1191 1175 quam
1202 1120 1236 1158 ex
1245 1102 1296 1157 boc
1303 1103 1503 1174 Epiphaniiloco
1513 1119 1562 1155 cen·

419 1196 487 1245 stare
498 1190 589 1261 pessit
1460 1187 1464 1200 ²

485 1276 538 1346 Πρὸ
547 1272 660 1337 teutone
669 1276 831 1348 Νιιμβρίων.]
849 1274 993 1329 Neomenia
1000 1276 1084 1346 Athyr
1091 1275 1203 1340 Actiaci,
1213 1275 1256 1328 rel
1264 1274 1447 1340 Diocletianei,
1458 1273 1564 1327 murenit

418 1380 443 1415 r.
453 1361 510 1417 Kal.
521 1361 602 1426 Neu,
613 1360 661 1415 hoc
673 1368 714 1416 cst
725 1361 828 1415 Octobr.
838 1380 931 1417 xxvrrr.
955 1361 1024 1432 lirgo
1036 1362 1206 1415 duodecimus
1217 1358 1301 1430 Athyr
1312 1358 1467 1413 Novembris
1477 1364 1564 1421 cebro,

418 1448 473 1501 sire
485 1466 519 1501 vr.
529 1446 586 1503 Eid.
599 1446 677 1513 Nou,
689 1447 758 1518 quod
769 1453 796 1501 et
805 1464 878 1501 num.
887 1464 940 1501 rvr.
952 1462 1031 1518 supra
1041 1439 1155 1511 dixeiet,
1164 1464 1208 1501 ιι.
1217 1445 1259 1499 die
1271 1450 1332 1500 ante
1339 1444 1491 1515 Epiphania
1513 1443 1565 1496 Per-

418 1549 507 1604 peram
518 1532 606 1603 itaque
617 1539 720 1603 postea,
732 1550 757 1586 n.
767 1550 873 1598 savrra,
886 1531 934 1603 erpi
947 1527 1014 1584 ὀκτὼ
1026 1530 1106 1583 uleus
1118 1530 1261 1601 Νοεμβριων
1273 1546 1290 1583 a
1300 1530 1405 1584 librario
1416 1530 1539 1600 scriptum

485 1616 554 1671 Κατὰ
570 1617 750 1688 Σαλαμινίους]
780 1616 923 1671 Neomeuis
939 1616 1037 1671 Choieo
1051 1615 1142 1670 incidit
1156 1634 1196 1671 ru.
1211 1615 1350 1680 Novemb,
1366 1632 1446 1685 quem
1460 1630 1566 1668 mensem

417 1704 523 1757 tertium
534 1704 660 1775 appellat,
677 1702 730 1757 sire
746 1702 816 1773 quod
831 1703 919 1772 plures
935 1702 1050 1756 eiusdem
1061 1702 1175 1757 nominis
1186 1706 1287 1766 essent,
1302 1706 1332 1753 ut
1342 1701 1414 1771 apud
1423 1700 1567 1755 mutieres

417 1791 516 1843 Arabes
528 1790 579 1843 duo
590 1788 675 1841 Rabio
692 1794 766 1852 suut,
782 1787 942 1857 totidemque
955 1787 1106 1853 Ginmediu,
1124 1788 1179 1841 sire
1197 1786 1267 1856 quod
1283 1785 1374 1840 ordine
1390 1786 1480 1839 testim
1496 1791 1565 1837 esset
1613 1793 1614 1796 ’

417 1874 491 1928 Unde
506 1880 532 1928 et
549 1874 653 1944 quintus
670 1874 697 1926 in
714 1873 863 1927 Ianuarium
879 1872 996 1927 incurrit
1019 1873 1052 1928 A
1063 1890 1103 1927 ιιι.
1114 1871 1181 1927 Nor.
1194 1872 1228 1924 ad
1242 1871 1300 1925 Kal.
1311 1872 1365 1925 lan
1381 1870 1566 1941 comprehensis

417 1960 474 2015 Kal.
486 1960 549 2030 ipsis
560 1959 615 2011 dies
626 1966 688 2011 sunt
699 1957 774 2011 solidi
785 1976 833 2024 ιι,
850 1958 895 2030 ιιι
910 1974 1014 2011 menses
1030 1956 1095 2012 dues
1107 1958 1259 2011 tricenarius
1271 1956 1395 2011 efficiunt
1418 1956 1484 2009 Nam
1493 1972 1522 2009 ιι.
1532 1955 1569 2007 Ia·

417 2045 502 2099 nuarii
519 2044 628 2115 πέμπτος
649 2043 747 2097 mensis
764 2044 829 2099 iniit.
864 2042 990 2098 Videntur
1007 2042 1142 2097 Salaminii
1162 2042 1325 2113 aequabilem
1345 2047 1372 2095 et
1388 2041 1570 2113 Aegyptiace-m

417 2130 547 2185 mensium
562 2128 692 2183 ascivisse.
1148 2132 1152 2139 “

486 2214 553 2266 Κατὰ
563 2214 694 2284 licoides]
709 2214 855 2285 Apcgonici
865 2214 1003 2269 neomenia
1013 2215 1099 2285 eoepit
1110 2214 1200 2269 octob.
1214 2230 1285 2269 xrre.
1302 2212 1375 2267 iulus
1385 2213 1445 2267 iniit
1453 2212 1570 2267 Decemb.

417 2318 489 2356 ιιιι.
512 2300 535 2353 A
552 2300 593 2353 die
605 2318 677 2355 xxre.
690 2299 779 2353 Octob.
792 2299 825 2353 ad
837 2318 912 2354 xxrrr.
924 2299 985 2353 Dec.
996 2299 1053 2353 dics
1068 2304 1131 2353 sunt
1141 2316 1200 2365 ιιι,
1217 2300 1263 2370 qui
1277 2306 1339 2352 sunt
1353 2298 1404 2351 duc
1420 2296 1571 2369 Pspbiorum

417 2402 530 2440 memes.
552 2384 637 2449 Quare
649 2386 815 2457 Apogonicus
826 2384 983 2456 Papbierum
993 2385 1044 2439 init
1054 2384 1208 2451 November,
1219 2385 1291 2439 Iulus
1301 2384 1454 2439 December.
1608 2446 1611 2454 Ι

486 2468 554 2524 Κατὰ
565 2468 693 2541 Ἄραβας.]
710 2470 854 2525 Neomenie
865 2468 1069 2540 Angelthabaith
1080 2469 1200 2524 Octobris
1210 2488 1285 2526 aaran
1296 2471 1435 2541 competit,
1445 2484 1463 2521 a
1472 2464 1523 2539 ιιι
1534 2468 1572 2520 die
1608 2457 1614 2470 ”

418 2558 452 2611 ad
463 2576 515 2611 xer.
528 2556 589 2610 Dec.
602 2556 656 2609 dies
668 2562 729 2609 sunt
741 2574 788 2620 ιι,
805 2557 860 2609 sire
877 2556 928 2609 duo
943 2572 1047 2609 menses
1059 2556 1226 2627 Aegyptiaci,
1243 2555 1338 2625 quibus
1354 2556 1396 2609 usi
1406 2560 1468 2609 sunt
1477 2554 1571 2608 Arabes

418 2644 470 2697 illis
481 2641 650 2713 temporibus.
674 2640 742 2695 Nam
752 2640 890 2695 neomenis
901 2642 983 2695 Aleon
993 2642 1072 2712 paulo
1085 2647 1145 2695 ente
1156 2642 1242 2712 coepit
1252 2640 1402 2695 Decembris
1413 2658 1478 2695 arra

486 2726 554 2778 Κατὰ
566 2726 710 2786 Μακεδόνας
722 2724 887 2795 Ἀπιλλαιιι.]
922 2715 1210 2792 Macedoniensem,
1227 2742 1288 2781 eum
1304 2726 1337 2779 de
1353 2731 1471 2796 umpete
1485 2724 1573 2779 naulis

418 2816 519 2882 egeret,
534 2812 694 2865 mentionem
710 2812 805 2867 omisit.
829 2811 957 2865 Convenit
971 2828 1048 2881 porro
1061 2812 1179 2882 Apellaei
1192 2811 1331 2866 neomenia
1346 2828 1407 2865 cum
1422 2808 1574 2881 Papbiornru

417 2896 579 2967 Apogonico.
602 2894 669 2949 Nam
681 2901 792 2966 unaque
803 2897 861 2949 iniit
872 2896 992 2950 Octobris
1004 2914 1076 2952 xxrv.
1100 2898 1153 2951 Sed
1168 2904 1262 2952 uenus
1273 2897 1373 2951 lunaris
1387 2898 1483 2951 extidt
1504 2894 1575 2967 Apud

417 2980 518 3037 mediae
534 2980 670 3033 vetustatis
687 2981 839 3051 scriptores,
856 2983 1008 3053 praeseru'm
1022 2980 1196 3049 Christianos,
1213 2998 1402 3053 nonnunqum
1419 2980 1574 3036 Macedonici

417 3082 521 3121 menses
538 3082 597 3119 eum
608 3066 860 3136 Syromacedonicis,
879 3084 945 3139 quos
961 3073 988 3121 et
1000 3066 1160 3125 Graecorum
1175 3085 1279 3123 menses
1295 3068 1439 3140 appellent,
1456 3066 1575 3123 contundi

317 3180 338 3221 ρ.
348 3169 391 3214 ιιι,
416 3153 519 3219 videam
536 3158 566 3205 ut
576 3153 604 3206 in
615 3152 714 3223 insigni
723 3153 768 3207 illo
780 3154 895 3207 Anatolii
905 3154 977 3220 loco,
994 3170 1072 3225 quem
1084 3156 1113 3209 in
1123 3155 1244 3224 sequenti
1254 3153 1373 3208 Distsibs
1383 3153 1574 3215 declarabimus,

417 3240 482 3293 alias
493 3255 554 3293 vero
570 3238 693 3304 discerni,
698 3244 740 3319 ‚ut
754 3238 804 3293 hoc
818 3240 876 3295 leco
892 3240 956 3294 iecit
969 3239 1137 3311 Epiphanius.
1160 3239 1194 3293 lit
1204 3244 1273 3293 certe
1284 3238 1574 3309 Syromacedouieorum

342 3358 348 3375 .
416 3325 546 3379 mensium
558 3325 625 3378 alius
636 3325 664 3378 in
676 3342 744 3379 anno
756 3326 857 3379 iuliano
869 3327 935 3379 situs
947 3342 1027 3396 quam
1037 3324 1266 3379 Macedonicorum
1275 3325 1338 3388 init,
1354 3340 1408 3378 non
1418 3324 1500 3377 modo
1511 3328 1574 3377 rete

417 3428 487 3477 rum,
500 3428 565 3481 quos
577 3412 682 3465 lunares
693 3410 776 3464 inisse
787 3412 958 3481 suspicamur,
970 3411 1016 3464 sed
1027 3412 1106 3465 etiam
1116 3412 1289 3465 recentiorum
1299 3426 1331 3463 ac
1342 3410 1465 3465 fixorum.
1482 3410 1521 3463 Ac
1531 3426 1574 3479 pc·

417 3496 554 3548 eterlorum
566 3495 680 3565 quidem,
697 3494 746 3549 hcc
757 3500 798 3548 est
808 3494 1049 3562 Macedonicorum,
1064 3497 1134 3567 apud
1148 3496 1271 3567 antiquos
1282 3496 1363 3549 serice
1373 3495 1488 3549 obscura
1497 3503 1538 3550 eet
1547 3510 1575 3547 ac

349 3620 352 3635 .
417 3578 541 3644 difficilis,
553 3580 622 3649 quod
634 3580 665 3633 ds
677 3594 708 3633 ea
719 3580 789 3633 varie
800 3582 1017 3651 praestantissimi
1028 3582 1167 3652 scriptores
1178 3582 1345 3636 existimasse
1354 3581 1501 3636 rideantur.
1527 3580 1575 3633 Sed

417 3664 516 3718 omissa
526 3664 604 3717 modo
614 3665 779 3733 quaestione,
795 3666 837 3718 rel
852 3666 880 3719 iu
892 3666 964 3719 ahud
974 3668 1062 3736 potius
1074 3666 1169 3733 dilen,
1183 3672 1288 3739 tempus
1303 3668 1342 3721 eie
1356 3667 1463 3721 omnino
1479 3672 1575 3721 antec:

416 3750 562 3821 Principem
578 3750 709 3803 mensium
725 3750 812 3803 locum
829 3751 948 3804 extitisse
965 3752 1010 3821 qni
1025 3752 1247 3807 Hecatombaconi
1265 3751 1438 3824 responderit,
1458 3752 1531 3823 qued
1549 3753 1575 3803 iu

416 3834 556 3889 Alexandri
567 3834 621 3888 vita
637 3839 747 3887 testatur
761 3834 923 3891 Plutarchus.
949 3836 1065 3891 Galeam
1082 3854 1186 3909 quoque
1201 3839 1230 3891 in
1242 3838 1287 3892 lib.
1296 3857 1316 3893 r.
1328 3837 1443 3909 Epidem.
1453 3839 1575 3909 esquinc-

417 3920 497 3975 ctium
509 3920 660 3973 autumnale
672 3916 735 3973 κατὰ
746 3918 789 3987 τὴν
802 3917 880 3992 ἀρχὴν
892 3926 937 3974 τοῦ
950 3921 1008 3973 Δίου
1020 3921 1095 3993 μηνὸς
1106 3923 1164 3977 fieri
1175 3924 1289 3995 scripsit,
1300 3925 1406 3978 ineunte
1413 3940 1476 3977 rere
1483 3923 1575 3979 Peritic

417 4005 558 4061 solstitium
573 4004 721 4073 hibernum,
737 4006 932 4081 aequinoctium
942 4024 1051 4061 vernum
1061 4009 1215 4075 Artemisio,
1226 4010 1354 4063 ιιιιιιιιι
1363 4008 1507 4063 solstitium
1515 4009 1575 4063 hoc.

417 4090 491 4156 Quod
502 4091 544 4144 vel
556 4090 706 4152 delulianis
718 4108 748 4146 ac
759 4092 821 4147 fiais
833 4092 967 4146 mensibus
980 4094 1064 4164 accipi
1080 4101 1177 4165 petest,
1194 4095 1235 4148 vel
1252 4094 1285 4148 de
1300 4095 1446 4160 lunaribus,
1463 4110 1497 4147 eo
1509 4092 1573 4147 vide·

416 4178 477 4231 licet
488 4192 579 4241 sensu,
591 4180 620 4228 ut
632 4178 681 4230 sub
693 4182 804 4248 quatuor
815 4178 874 4231 illos
887 4178 950 4231 anni
960 4178 1077 4232 cardines
1088 4180 1196 4233 totidem
1208 4180 1247 4233 illi
1257 4196 1361 4233 menses
1372 4181 1470 4234 ineant
1497 4180 1575 4233 Favet

416 4262 476 4316 huic
488 4261 649 4315 coniecturae
660 4262 797 4333 losephus,
813 4264 859 4335 qui
869 4279 993 4335 persaepe
1004 4264 1165 4318 Xanthicum
1175 4264 1258 4318 Nisen
1269 4282 1326 4319 esse
1337 4266 1411 4330 dicit,
1427 4271 1458 4318 ut
1468 4263 1572 4335 Origen.

416 4348 461 4403 lib.
472 4366 490 4402 r.
502 4364 559 4418 cap.
569 4364 621 4412 ιιι,
633 4352 660 4400 et
670 4348 715 4400 lib.
725 4366 763 4405 ur.
775 4364 832 4419 cap.
842 4366 878 4402 ιι.
891 4354 967 4413 ιιι,
978 4349 1045 4403 libro
1056 4366 1118 4403 vero
1126 4368 1183 4405 vm.
1194 4366 1252 4420 cap.
1260 4368 1289 4406 ιι
1301 4351 1354 4404 liar
1363 4368 1424 4404 cnm
1435 4349 1572 4403 Artemisio

416 4433 559 4504 componit,
571 4432 615 4485 lib.
625 4450 682 4487 vrrr.
695 4448 751 4503 cap.
762 4450 800 4488 ιιι.
812 4434 1050 4505 Hyperboretaeum
1061 4450 1121 4489 cum
1132 4436 1213 4499 l'isri,
1224 4436 1303 4489 Dium
1314 4452 1375 4489 curn
1385 4434 1572 4491 uernum

415 4516 488 4571 libr.
504 4534 621 4589 capnt,
640 4516 754 4572 Ohaeseu
771 4534 831 4572 cnm
848 4519 971 4590 Apelleae
988 4520 1034 4572 lib.
1048 4536 1095 4573 ιιι.
1113 4536 1172 4590 cap.
1184 4538 1230 4573 era
1263 4520 1336 4575 Adde
1353 4523 1386 4575 iis
1402 4520 1573 4574 mhcnomics

417 4602 544 4671 quasdam
555 4605 677 4674 exempla
686 4602 714 4656 in
727 4602 865 4658 Chaldaioa
878 4604 981 4674 periodo
993 4604 1062 4675 apud
1073 4604 1259 4659 Ptolemaeum.
1282 4606 1354 4670 Quae
1366 4607 1454 4661 omnia
1464 4605 1528 4659 alibi
1537 4603 1572 4655 di·

416 4678 721 4759 ligentius'explicentnr.
745 4690 814 4742 Inter
825 4689 1053 4744 Macedonicorum
1063 4691 1193 4744 mendum
1208 4706 1243 4743 ex
1259 4692 1293 4746 iis
1308 4693 1430 4747 omnibns
1446 4690 1510 4746 orde
1525 4690 1571 4743 iste

417 4772 612 4827 ocustituendus
623 4780 670 4827 est.
