3650 5642
442 582 624 643 mxxvm

442 740 601 805 omnen,
615 756 654 797 er
662 755 693 796 ec
705 738 809 797 neree
819 738 888 809 qued
900 738 998 809 perche
1008 740 1134 809 primurn,
1145 740 1234 795 loano.
1245 756 1274 796 n.
1286 740 1381 797 disens
1393 742 1553 801 nunete-
1561 742 1590 797 eb

442 825 502 881 stris
510 840 664 895 expressurus
674 825 722 889 sit,
733 840 795 879 seur
805 824 908 879 sabbati
917 824 1091 893 deuteroproti
1102 826 1261 883 mentionem
1273 825 1379 880 iniunt
1396 826 1451 881 llos
1462 828 1532 883 enirn
1543 836 1591 896 pest

441 910 552 979 prienen
568 925 720 977 eryrnoruru
737 909 835 963 incidit.
869 909 1010 964 Historiam
1027 909 1162 965 rnlnerrun
1177 911 1308 979 spicarum
1324 910 1357 963 ed
1373 912 1488 981 primunr
1506 912 1592 981 pescle

441 995 534 1050 nerito
549 994 629 1050 refert
644 992 817 1064 Epiphanius,
834 1010 869 1049 er
885 994 939 1049 fine
955 1010 1026 1049 nnus.
1043 992 1120 1049 huius
1136 994 1282 1065 intelligere
1297 1002 1383 1065 potes,
1402 996 1474 1065 qnod
1490 1005 1530 1051 est
1544 996 1592 1051 ber·

441 1080 545 1137 nonas
560 1095 640 1149 aspre
653 1095 671 1132 e
685 1079 763 1133 nobis
778 1080 926 1149 propositae
942 1084 1155 1135 consenteneum.
1189 1079 1245 1135 loru
1256 1097 1318 1137 rere
1333 1097 1367 1135 ex
1380 1079 1432 1135 bec
1443 1087 1593 1138 annornm

442 1162 627 1233 suffragatione
639 1165 795 1233 Alogornnn,
811 1164 1053 1221 Veleetinisnormu
1069 1180 1101 1219 ac
1117 1168 1277 1223 caeterorum
1288 1166 1455 1221 mendacium
1467 1168 1593 1231 condunt,

442 1249 487 1319 qni
502 1249 608 1305 unicuru
621 1248 749 1304 deutexat
760 1247 861 1305 cbristo
877 1248 975 1319 pssebe
991 1249 1135 1306 tribuerint.
1170 1248 1235 1305 cun
1252 1252 1323 1305 enlm
1338 1267 1398 1305 eum
1415 1256 1479 1321 pest
1493 1252 1593 1321 prinnn

441 1332 649 1405 pescberixisss
663 1340 690 1389 et
705 1351 751 1405 per
766 1340 825 1389 sate
842 1334 975 1391 neuter
987 1340 1101 1399 wnstst,
1116 1334 1212 1389 fulsum
1223 1342 1264 1392 ert
1275 1353 1327 1389 nno
1339 1336 1465 1406 pnscbete
1477 1352 1517 1389 res
1528 1337 1593 1389 eben

441 1426 529 1489 gestu
540 1420 716 1475 nomenti
727 1420 828 1475 debere

508 1502 564 1557 'ire
575 1504 638 1575 briip
650 1503 772 1573 σάββατον
784 1504 902 1575 πρῶτον]
937 1504 975 1559 De
991 1506 1099 1561 sebbetc
1117 1504 1297 1577 deuteroprotc
1320 1506 1378 1559 ride
1396 1522 1466 1577 quse
1483 1508 1516 1561 ed
1535 1506 1594 1559 beer.

442 1608 505 1648 ur.
515 1607 587 1650 nunt
597 1608 679 1646 mro
691 1589 888 1660 disputavimus.
910 1588 980 1645 Nure
991 1590 1034 1645 illo
1047 1591 1104 1644 loon
1116 1591 1229 1659 priorem
1242 1591 1379 1661 Epipbeuii
1389 1594 1559 1653 sententium,
1574 1604 1594 1643 et

442 1674 546 1745 quidem
558 1675 770 1745 prebebiliorens,
786 1674 965 1744 exposuimus.
1000 1674 1072 1738 Ques
1088 1682 1177 1729 antem
1193 1674 1242 1729 boc
1259 1676 1286 1729 in
1302 1692 1410 1731 numero
1423 1677 1542 1739 traditur,
1556 1676 1593 1727 eb

442 1761 541 1815 muner
556 1766 597 1815 est
612 1767 639 1813 et
653 1776 742 1814 erere
751 1760 871 1813 vocabuli
886 1760 956 1815 iliius
974 1760 1073 1829 origiue
1085 1776 1116 1813 ec
1128 1761 1235 1815 notione
1249 1762 1379 1817 remotior.
1413 1761 1520 1832 Duplex
1536 1758 1593 1829 apud

441 1843 552 1901 ludaeos
563 1844 669 1900 sabbati
678 1860 763 1913 genus
773 1844 916 1899 constituit
952 1844 1038 1899 Unum
1049 1845 1181 1914 antiquior
1193 1852 1219 1899 et
1230 1845 1361 1909 naturale,
1379 1846 1452 1915 qnod
1469 1848 1504 1902 eb
1521 1862 1595 1899 rernnr

442 1930 517 1985 nitio
528 1929 661 1983 eonditum
671 1938 724 1992 est,
740 1930 851 1985 elerum
867 1930 1010 1985 secundnm
1025 1936 1052 1983 et
1068 1930 1217 1999 posterioris
1234 1930 1345 1996 ordinis,
1362 1932 1426 2001 quie
1437 1931 1527 1985 ludeei
1538 1930 1594 1981 teste

443 2014 531 2071 erneis
541 2014 653 2069 sabbeta
664 2014 805 2079 recubent,
817 2014 886 2083 quod
898 2032 913 2067 e
925 2014 1057 2085 Scriptura
1069 2014 1236 2069 demonsuet.
1259 2016 1323 2069 Mox
1335 2032 1396 2069 rere
1405 2016 1523 2069 subiicit:
1535 2012 1563 2073 εἰς
1574 2011 1595 2063 el

443 2096 503 2152 bruis
513 2096 605 2167 ipudpoc
617 2095 689 2151 πάλιν
701 2095 911 2169 ἆνακυκλούμνον
924 2099 1034 2169 δεύτερον
1047 2098 1156 2153 καλεῖται
1168 2102 1274 2171 πρῶτον.
1310 2100 1349 2153 ltr
1364 2101 1476 2169 quibus,
1492 2106 1520 2151 ut
1534 2108 1557 2151 et
1568 2114 1594 2149 er

442 2183 609 2253 uqusntibns
625 2184 672 2239 ille
686 2182 824 2254 Epipbaeii
839 2185 969 2239 sententie
985 2185 1111 2254 posterior
1128 2185 1235 2250 elicitur,
1253 2186 1391 2241 sabbatum
1403 2184 1594 2255 deuteroproton

442 2285 502 2325 esse
511 2274 694 2339 pentecosten,
705 2270 733 2325 in
744 2286 797 2339 qus
809 2269 920 2339 δεύτερον
931 2270 995 2323 illud
1007 2270 1144 2325 sabbetnm
1156 2273 1255 2340 πρῶτον
1267 2270 1415 2340 appelletur.
1453 2270 1506 2323 Cur
1517 2276 1593 2323 sunu

443 2354 638 2424 Βευτφόπρωτον
656 2355 756 2419 dicitur,
774 2354 838 2409 nibil
854 2360 974 2424 epertnun
991 2371 1021 2411 ec
1036 2356 1163 2423 liquidum
1180 2372 1213 2409 ex
1229 2354 1368 2426 Epipbeuii
1379 2356 1466 2409 verbis
1479 2354 1593 2409 exerere

441 2456 563 2510 pessum
574 2440 620 2497 sed
631 2440 828 2495 illebteldonati
836 2440 952 2509 opinioni
961 2439 1019 2495 huic
1028 2441 1165 2511 aptissime
1173 2440 1282 2505 ridetur,
1294 2441 1417 2509 quonian
1429 2457 1465 2495 er
1476 2438 1592 2512 prinsriis

441 2525 526 2581 tribus
535 2526 625 2589 iestis,
634 2525 689 2580 sire
700 2526 830 2589 sabbatis,
842 2541 1006 2594 azymorum,
1018 2526 1207 2597 primitivorum
1220 2534 1246 2579 et
1257 2526 1442 2595 scenopegiae,
1455 2524 1592 2597 proximent

442 2611 554 2681 aptiore
565 2616 593 2663 et
603 2609 715 2678 deturpes
726 2611 762 2665 sit
771 2616 934 2681 pentecostes
945 2612 1064 2677 solenne,
1081 2610 1138 2665 ideo
1154 2610 1350 2681 bcnrcpdrrprerus
1366 2610 1501 2681 appellari.
1534 2607 1593 2661 nnc

442 2695 521 2763 igitur
530 2694 610 2747 eltere
619 2700 658 2746 est
666 2694 804 2765 llpipbenii
812 2698 942 2751 renuntio
954 2712 984 2751 ec
992 2696 1064 2751 rocis
1076 2696 1146 2749 illins
1157 2696 1348 2766 interpretatio,
1359 2696 1518 2767 eruperiors
1525 2694 1592 2761 longe

442 2778 541 2833 &urse
551 2784 589 2841 et,
601 2778 625 2833 si
636 2795 725 2833 rerum
736 2780 812 2833 interi
824 2782 957 2845 volumus,
970 2781 1056 2835 miuus
1069 2796 1148 2851 qnam
1158 2781 1204 2835 illu
1215 2781 1364 2851 probabilis.

511 2862 617 2929 Τοιαύτη
626 2862 685 2933 ἁγία
693 2869 736 2915 τοῦ
746 2863 940 2933 xpeeleison]
957 2864 1146 2921 Prossbbstnm
1157 2864 1222 2921 nihil
1233 2866 1303 2921 slitd
1315 2872 1354 2923 est
1363 2882 1440 2935 quum
1451 2878 1592 2937 perescsrcr

443 2946 513 3018 quod
523 2947 557 3001 ad
567 2946 636 3003 bunc
646 2949 732 3004 locum
743 2949 855 3019 pertinet
865 2948 937 3005 nihil.
969 2949 1027 3003 Non
1043 2950 1113 3003 enirn
1130 2966 1281 3019 azymorum
1292 2969 1338 3007 vn.
1350 2952 1378 3005 in
1388 2967 1545 3023 paresceves
1556 2962 1592 2999 ue

443 3034 554 3090 usserio
572 3035 802 3105 convenierunt
818 3034 929 3089 subinde
945 3036 972 3089 in
984 3054 1011 3099 r.,
1026 3042 1073 3089 ent
1083 3054 1122 3099 rr,
1138 3042 1184 3091 ent
1200 3036 1342 3091 nuteriam
1360 3035 1448 3091 cedere
1466 3050 1542 3107 posse
1558 3032 1592 3083 de·

442 3120 531 3171 claret.
557 3120 609 3173 Aut
619 3120 699 3189 igitur
711 3120 886 3191 expungenda
896 3120 948 3174 ists
958 3136 1011 3173 rox
1023 3125 1075 3185 est,
1088 3126 1134 3175 snt
1145 3118 1317 3191 προσάββατον
1328 3138 1375 3191 pro
1388 3140 1413 3175 rr
1426 3116 1591 3177 hebdcussdte
1615 3160 1616 3173 .

443 3204 534 3262 diebus
557 3207 705 3277 eruperit,
726 3222 791 3277 ques
814 3210 891 3277 >blm
907 3205 956 3261 hoc
972 3211 1013 3261 est
1023 3206 1158 3277 protense,
1175 3206 1323 3270 nominent,
1334 3222 1452 3277 querque
1464 3206 1591 3259 esbwnnr

443 3290 606 3347 succedunt.

510 3375 685 3447 urerentur,
698 3375 812 3445 πλάτος]
841 3377 932 3431 Scribe
945 3376 983 3429 bris
996 3374 1022 3429 bi
1034 3376 1062 3429 τὸ
1075 3375 1109 3446 μὴ
1121 3374 1152 3437 εἰς
1165 3372 1255 3437 πλάτος
1269 3376 1345 3448 φέρειν
1358 3377 1399 3429 ron
1411 3374 1498 3447 λόγον,
1509 3374 1546 3427 ἐπὶ
1557 3370 1590 3435 τὴν

443 3460 595 3518 ἀκολουθίαν.

510 3546 541 3601 N.
550 3566 645 3605 xrrurr.
662 3541 724 3599 Εἶτά
734 3564 795 3607 τινες
805 3544 830 3607 ἐξ
841 3544 923 3597 αὐτῶν
936 3543 1028 3613 nette]
1053 3545 1216 3601 obtinebant
1226 3546 1348 3601 haeretici
1360 3548 1509 3603 mendacem
1520 3544 1590 3599 tuisse

443 3632 578 3697 Ioannem,
596 3632 641 3701 qui
658 3632 693 3685 sd
709 3648 766 3686 cem
784 3631 921 3685 ecclesium
939 3630 1008 3685 edite
1024 3631 1074 3685 sibi
1091 3647 1108 3683 e
1123 3630 1227 3685 domiuo
1245 3632 1591 3699 mencenenterius

443 3716 515 3771 nulla
526 3723 582 3769 turn
594 3723 670 3771 esset.
687 3716 837 3785 Respondet
843 3714 1003 3785 Epiphanius
1015 3714 1064 3771 boc
1075 3717 1132 3785 ipso
1144 3724 1263 3773 constare
1275 3717 1453 3789 propheticum
1465 3717 1531 3773 hunc
1542 3728 1589 3766 esse

442 3801 549 3865 librum,
565 3818 625 3855 cnm
642 3800 675 3853 ud
693 3801 828 3853 eeclesiam
844 3801 988 3871 scripserit,
1004 3817 1084 3871 quern
1100 3802 1162 3855 olim
1173 3802 1287 3855 intnrern
1300 3810 1482 3873 cognosceret,
1498 3796 1590 3855 temetsi

444 3886 537 3956 quibus
549 3887 679 3941 scribebat
688 3886 848 3956 temporibus
859 3886 975 3939 nondum
987 3891 1089 3939 exteret
1099 3887 1159 3941 nile
1181 3887 1232 3941 Sed
1244 3886 1307 3941 hoec
1318 3887 1456 3959 Epiphanii
1466 3883 1589 3957 responsio

443 3971 495 4029 nisi
511 3968 679 4036 ἀντιλεκτοιῶς
700 3977 727 4025 et
747 3971 781 4023 ed
798 3970 943 4035 bominem,
966 3976 993 4023 et
1005 3972 1084 4043 uulgo
1100 3972 1247 4041 loquuntur,
1264 3974 1434 4043 accipiemus,
1452 3972 1520 4027 bend
1536 3968 1589 4023 setis

443 4056 583 4127 probabilis
595 4056 703 4112 ridetur.
719 4059 757 4111 Ae
768 4058 847 4126 longe
858 4057 952 4111 molins
965 4062 1005 4111 est
1015 4072 1111 4127 regere
1124 4057 1226 4111 loannis
1239 4063 1354 4129 tempore
1366 4059 1464 4113 nnllem
1472 4052 1588 4127 'thyatiris

445 4142 581 4196 ecclesiam
591 4143 724 4207 extitisse3
736 4142 805 4213 qnod
816 4142 978 4213 impudenter
989 4140 1114 4195 haeretici
1123 4143 1223 4197 mentiti
1235 4150 1303 4199 suut.

511 4227 561 4281 llus
573 4224 600 4279 di
611 4222 651 4277 erl
662 4227 704 4277 τὸν
716 4228 797 4297 sn'prcr
809 4225 833 4277 dr
851 4230 888 4297 τῷ
903 4227 989 4297 χρόνῳ
1002 4226 1103 4297 τούτῳ]
1137 4227 1209 4281 Duae
1225 4228 1284 4281 iliae
1302 4243 1368 4299 quse
1384 4232 1508 4299 sequntur
1522 4228 1588 4279 nette

445 4320 591 4383 temporum
607 4312 649 4365 rel
664 4312 826 4367 librariorum
845 4313 922 4375 ritio,
943 4312 983 4365 rel
1001 4313 1098 4367 sutoris
1114 4312 1195 4381 ipsius
1213 4310 1426 4377 hallucinatione,
1447 4312 1587 4385 deparcos

445 4405 515 4454 snut.
549 4398 655 4453 Hieron.
672 4397 699 4451 in
715 4397 808 4467 Script.
820 4396 917 4451 Eccles.
930 4394 1052 4449 Ineunem
1068 4398 1160 4450 usserit
1175 4398 1349 4471 Apocalypsin
1364 4398 1496 4469 scripsisse
1511 4392 1587 4451 nonl-

444 4484 510 4539 tieni
521 4501 582 4547 rrr,
599 4483 645 4553 qni
661 4481 719 4535 iniit
734 4481 836 4537 luliano
847 4497 963 4547 cmrr,
981 4480 1075 4537 Christi
1086 4498 1166 4547 xciv,
1183 4482 1266 4538 Nonio
1283 4484 1426 4555 Asprenate
1442 4488 1468 4537 et
1483 4479 1585 4537 Anicius

445 4584 513 4621 coss.
536 4567 621 4631 Quare
633 4567 674 4621 rel
685 4565 733 4618 hoc
744 4568 801 4636 ipso
817 4582 898 4631 anno,
915 4568 954 4619 rel
972 4567 1091 4637 sequenti
1105 4568 1210 4631 settene,
1225 4569 1335 4625 loannes
1349 4568 1519 4643 Apecelppsin
1534 4561 1585 4617 scri·

445 4654 506 4723 psit.
530 4654 552 4705 A
565 4670 617 4723 quo
628 4659 743 4723 ternpore
754 4652 786 4705 sd
797 4668 896 4707 ennom
908 4650 1002 4709 Christi
1014 4666 1153 4719 sucum,
1169 4670 1219 4723 quo
1232 4652 1390 4725 Epipbsniue
1401 4650 1450 4707 hec
1467 4668 1529 4722 opus
1543 4648 1584 4699 ele·

446 4736 565 4801 berebet,
577 4738 640 4791 anni
650 4743 711 4790 snnt
722 4752 855 4799 ccurxrn,
872 4754 926 4789 non
938 4752 1011 4800 cnr,
1029 4744 1058 4789 nt
1069 4734 1164 4790 hebent
1175 4736 1311 4807 Epiphanii
1323 4738 1408 4792 rerbn
1442 4736 1536 4792 Deinde
1546 4731 1584 4785 trt-

446 4838 506 4881 surn
516 4827 571 4886 cst,
585 4838 639 4893 qno
650 4828 765 4893 tenpore
774 4821 870 4893 scripta
880 4828 921 4879 est
931 4820 1112 4897 Apccslppsir,
1126 4820 1256 4895 Thyetlris
1268 4820 1444 4895 Cutapbrpgne
1456 4819 1584 4877 berneres
