3650 5642
428 576 566 633 cmvl

426 734 524 803 possim
537 734 732 791 dimittebantur
744 737 789 808 qni
800 737 916 793 uteros
927 740 1093 795 neomenism
1103 747 1131 795 et
1146 744 1255 833 nm?
1267 742 1460 799 dmnntiment
1483 742 1584 809 Quodsi

427 836 488 873 m.
501 819 542 874 die
552 822 626 875 testie
637 822 725 875 nullus
737 838 767 877 ee
776 824 924 894 speculator
932 825 1061 891 eduiseu,
1072 828 1205 881 tricesimo
1215 828 1300 898 primo
1308 832 1479 885 neamenim
1486 830 1585 884 eosne

426 906 496 959 bunt
531 906 571 959 Ite
586 907 667 961 hebet
683 913 712 961 ut
727 910 864 980 plenorum
875 926 1050 982 errorumque
1061 913 1191 967 mensium
1202 916 1334 968 suceessio
1344 931 1518 987 nequeqnem
1532 930 1586 969 oon·

426 996 517 1058 steret,
529 992 575 1047 sed
588 999 616 1046 ut
627 994 716 1048 civiles
727 1010 831 1049 menses
843 996 876 1049 ed
887 996 980 1049 sideris
990 1003 1126 1067 espectnm
1134 998 1315 1069 dirigerentur,
1326 1006 1357 1054 nt
1365 1017 1424 1072 esp.
1432 1018 1495 1056 vm.
1506 1002 1589 1071 gleeet

426 1076 508 1133 docet.
532 1078 631 1133 Deinde
644 1080 689 1150 qui
700 1082 791 1151 procul
803 1082 836 1135 eb
848 1098 879 1135 eo
891 1082 938 1136 ubi
948 1098 1095 1147 conensem,
1106 1084 1162 1137 sire
1173 1087 1222 1175 l*
1238 1090 1300 1147 nt:
1310 1092 1374 1151 eret,
1385 1086 1553 1151 hebitebent,
1563 1094 1589 1138 nt

426 1180 457 1217 eo
468 1164 562 1233 legati,
579 1181 645 1235 quos
660 1136 784 1255 qtn'tbm
795 1168 944 1233 nominent,
961 1172 1016 1221 tem
1026 1168 1078 1222 cito
1089 1170 1204 1240 espirere
1215 1188 1269 1225 non
1280 1178 1401 1242 possent,
1417 1172 1504 1226 biduo
1514 1173 1591 1226 ieetee

425 1250 576 1303 neomeuies
592 1252 716 1321 egebant,
735 1253 804 1323 quod
820 1254 912 1307 incerti
928 1259 1015 1307 essent
1031 1255 1151 1325 quisnam
1163 1255 1217 1309 dies
1229 1273 1247 1309 e
1256 1258 1366 1311 concillo
1377 1258 1509 1312 definitus
1519 1263 1591 1311 esset

424 1334 510 1406 Atque
519 1334 568 1389 hoc
575 1334 704 1408 hodieque
712 1337 800 1391 ludaei
808 1338 845 1392 illi
853 1338 967 1404 fuciunt,
978 1340 1024 1410 qni
1035 1344 1111 1393 extre
1120 1339 1232 1395 Iudeeee
1239 1342 1307 1396 ines
1317 1340 1343 1395 ds
1351 1344 1482 1414 conspr
1488 1343 1591 1412 dogunt

425 1420 463 1473 De
475 1437 527 1491 quo
539 1422 598 1475 ride
609 1438 665 1493 oep.
675 1442 700 1479 v.
712 1428 784 1477 trect
796 1423 936 1479 Kiudeson

474 1506 547 1585 ,lem
564 1508 774 1563 intercalationes
791 1510 922 1563 mensium
932 1526 987 1565 non
998 1515 1069 1564 certe
1080 1512 1254 1583 descriptione
1265 1514 1430 1571 conetebent.
1469 1514 1592 1580 Qumis

425 1593 495 1647 enim
504 1594 580 1647 tertio
591 1610 693 1665 quoque
705 1612 787 1661 euno,
799 1596 841 1649 rel
852 1596 983 1650 interdum
994 1597 1121 1663 seeundo,
1133 1614 1265 1664 mensem,
1277 1599 1364 1670 quoed
1374 1601 1488 1666 lieebet,
1499 1601 1592 1654 insere·

424 1684 496 1744 rent,
513 1684 602 1733 temen
613 1696 738 1751 persaepe
750 1681 824 1734 aliter
836 1680 929 1747 hebet,
946 1686 974 1734 et
989 1698 1179 1753 nonnunquam
1195 1685 1362 1739 intercalares
1378 1688 1444 1740 enni
1464 1686 1520 1740 duo
1536 1700 1592 1737 coe

424 1765 602 1819 tinuebentur.
634 1764 668 1817 Et
679 1764 784 1835 quidem
794 1766 923 1836 triplicem
935 1782 1056 1821 ceuseem
1067 1768 1237 1823 inureslenui
1248 1786 1304 1841 cep.
1313 1788 1349 1825 rs.
1359 1771 1541 1825 Msimonidee
1551 1786 1592 1821 er·

424 1850 506 1921 ponit.
539 1850 627 1903 Prime
638 1856 679 1903 est
690 1844 826 1921 Telruphe,
842 1853 896 1905 sire
908 1853 986 1907 cerdo
997 1854 1155 1923 aequinoctii
1164 1855 1250 1920 verni,
1266 1856 1312 1925 qni
1322 1872 1383 1910 cum
1393 1858 1422 1910 in
1433 1875 1495 1913 m
1507 1856 1593 1916 iiim,

425 1942 471 1989 eut
485 1940 546 2006 poet
560 1951 631 2000 esm,
649 1936 785 2001 incideret,
803 1942 859 1991 tum
871 1938 941 1991 Ader
956 1939 1123 1993 interoeletue
1139 1944 1186 1993 est.
1220 1940 1310 1995 Altero
1320 1957 1416 1995 enuere
1425 1948 1486 2008 eet,
1497 1943 1522 1996 ei
1532 1956 1591 1995 ner·

425 2022 487 2075 dum
504 2020 572 2073 Abib
589 2026 734 2091 appeteret,
752 2020 801 2076 hoo
818 2028 859 2076 est
876 2024 987 2077 necdum
1004 2024 1093 2095 huges
1110 2042 1194 2079 neree
1210 2032 1328 2080 moturae
1345 2033 1446 2093 essent,
1470 2028 1591 2083 murum

425 2110 544 2170 etatum
563 2110 658 2168 nnita
676 2110 748 2197 lm
767 2078 900 2201 ffiffpflb
918 2112 1050 2200 ῬἾἹΝ,
1071 2109 1181 2175 hordea,
1199 2130 1230 2164 er
1245 2114 1333 2181 quibus
1346 2113 1428 2177 Omcr,
1444 2119 1505 2167 se'ee
1516 2118 1591 2165 naei-

420 2195 498 2267 perlue
509 2196 654 2264 offerretur,
667 2194 736 2263 quod
745 2194 859 2248 secunde
868 2194 909 2247 die
926 2210 1078 2264 azymorum
1092 2194 1181 2249 liebet
1203 2196 1292 2251 'lentie
1307 2214 1401 2252 censes
1412 2205 1468 2265 est,
1481 2215 1545 2253 cnm
1555 2212 1591 2249 sr-

424 2284 517 2337 borum
528 2281 628 2335 fructus
639 2281 756 2335 noudum
767 2282 962 2336 maturuisseut.
985 2281 1059 2335 Alius
1069 2282 1177 2352 insuper
1188 2298 1299 2337 cenem
1309 2284 1419 2338 leviores
1431 2285 1591 2339 eccedebent

425 2374 451 2422 et
462 2368 583 2422 fortuitae
596 2384 662 2439 ques
674 2384 729 2439 cep.
740 2386 774 2421 rv.
787 2368 933 2421 truduntur:
950 2374 980 2421 ut
995 2368 1018 2421 ei
1029 2368 1080 2421 viie
1095 2367 1272 2438 pontibusque
1285 2369 1376 2422 trectis
1387 2370 1549 2425 interclusus
1560 2368 1590 2421 ed

423 2453 520 2508 Urbem
532 2460 603 2507 esset
614 2454 713 2517 editus,
725 2454 748 2507 si
759 2453 829 2506 lurni
840 2452 957 2507 nondum
968 2454 1072 2519 reiecti,
1083 2455 1106 2507 si
1117 2454 1224 2523 longine
1235 2454 1385 2525 deportetur
1396 2464 1470 2510 esset
1480 2454 1592 2529 populu

425 2546 450 2593 et
462 2540 514 2594 elie
525 2540 551 2593 id
563 2556 653 2609 genus.
677 2538 730 2591 Sed
741 2539 864 2608 primorie
874 2538 1044 2593 intereelendi
1055 2554 1151 2592 censes
1161 2538 1287 2611 Teknphe
1296 2540 1359 2607 init,
1374 2546 1406 2594 ut
1419 2542 1494 2597 intre
1509 2549 1590 2595 certos

424 2626 517 2679 solerie
529 2625 591 2678 unul
604 2624 728 2677 terminos
745 2624 809 2677 lune
824 2624 994 2689 coerceretur,
1010 2641 1045 2677 ne
1061 2625 1172 2679 nimium
1189 2634 1343 2695 erigeretur
1359 2642 1391 2679 ec
1405 2627 1539 2681 festorum
1553 2642 1590 2679 ee

423 2710 556 2763 lebritetes
567 2711 595 2762 in
606 2710 670 2763 elles
682 2714 760 2779 etque
772 2710 837 2762 elius
855 2716 1023 2781 tempestates
1038 2710 1202 2775 transierret3
1218 2711 1289 2781 quod
1305 2712 1333 2764 in
1344 2712 1456 2767 Arebieo
1472 2730 1546 2767 enno
1561 2726 1590 2765 ee

423 2796 508 2849 luneri
519 2796 631 2865 simplici
644 2802 669 2848 et
680 2796 766 2849 soluto
778 2796 907 2849 usuvenit
925 2794 977 2849 Sed
986 2812 1053 2865 quse
1062 2802 1119 2849 tum
1130 2796 1223 2853 soleris
1236 2812 1305 2850 enno
1314 2797 1453 2869 descriptio
1463 2814 1482 2852 e
1490 2798 1590 2853 ludaeis

425 2882 561 2935 obsersete
577 2881 623 2945 sit,
640 2886 731 2950 postes
748 2880 912 2933 disseremus.
944 2881 1024 2934 Porro
1036 2880 1103 2935 hunc
1114 2882 1201 2952 ipeem
1211 2882 1274 2935 enni
1284 2882 1398 2936 formem
1408 2888 1497 2937 etente
1508 2882 1590 2937 adbuc

423 2966 519 3037 templo
541 2965 651 3019 necdum
674 2966 796 3037 dispersis
819 2966 923 3037 penitus
944 2966 1046 3020 ludeeie
1073 2973 1227 3037 usurpetem
1243 2984 1302 3021 esee
1316 2969 1385 3022 inter
1404 2967 1590 3025 Thelmndicos

424 3058 533 3107 constet
569 3051 631 3105 Post
647 3052 736 3123 templi
748 3052 897 3106 vmlltstem
912 3051 1118 3124 prohigetoequo
1134 3052 1440 3120 ePeleestineludeeoe,
1457 3071 1523 3110 cnm
1539 3056 1589 3109 ies

423 3140 496 3193 nulle
507 3136 619 3208 cussbpru
631 3144 811 3209 superessent,
829 3140 910 3193 eltere
926 3144 1074 3211 temporum
1085 3138 1286 3193 ordinandorum
1298 3144 1401 3193 cerreta
1410 3141 1478 3195 rotie
1489 3148 1546 3205 eet,
1562 3144 1589 3192 nt

424 3243 458 3279 ex
474 3224 570 3297 scripto
587 3240 618 3278 ec
634 3224 779 3279 mediorum
796 3230 915 3279 motuum
930 3225 1026 3301 tubulis
1043 3229 1192 3279 consentes
1215 3228 1242 3277 et
1258 3229 1344 3278 certee
1360 3226 1518 3282 neomeniae
1533 3242 1588 3298 pro·

423 3317 587 3383 ponerentur,
600 3327 634 3365 ex
646 3312 712 3381 cycli
723 3310 966 3365 decemnovennalis
977 3309 1112 3376 methodo,
1127 3326 1206 3380 quem
1223 3315 1330 3372 sitnm
1340 3316 1437 3365 vocent
1452 3317 1482 3365 et
1496 3318 1587 3376 πω.

422 3398 470 3453 llic
483 3402 523 3451 eet
534 3413 617 3451 eunus
629 3397 672 3449 ille
683 3396 838 3451 ludeeorum
849 3397 1022 3461 novissimus,
1033 3395 1068 3449 nd
1077 3396 1177 3449 medios
1185 3396 1264 3449 lunee
1271 3401 1360 3450 motus
1368 3398 1588 3459 accommodetus,

424 3484 454 3535 de
466 3500 518 3553 quo
530 3484 619 3535 Moses
631 3496 688 3551 oep.
697 3498 732 3535 vr.
745 3487 771 3534 et
782 3482 962 3550 sequentibus,
978 3486 1034 3533 tum
1047 3486 1166 3535 coeunte
1176 3481 1274 3535 Peulus
1284 3480 1498 3553 Foroeempron,
1514 3484 1587 3539 leun·

424 3571 508 3620 sterne
521 3572 547 3619 et
558 3566 676 3635 Scaliger
688 3566 783 3635 eliique
796 3566 968 3635 disputarunt.
1004 3564 1071 3620 Cum
1085 3565 1135 3619 hoc
1150 3565 1255 3620 loduico
1270 3583 1340 3621 enno
1357 3568 1514 3624 coniunctus
1529 3572 1587 3623 eunt

422 3650 546 3703 lerierum
561 3651 806 3720 noviluniorumqne
820 3648 1005 3705 translationes
1022 3659 1049 3705 et
1059 3658 1200 3705 sexcentee
1210 3653 1277 3707 eliee
1288 3668 1387 3723 ungue,
1397 3670 1519 3709 moroeee
1530 3654 1587 3709 ihre

424 3734 528 3805 quidem
541 3752 571 3787 eo
583 3736 734 3805 perplexus,
747 3734 793 3789 sed
802 3752 868 3805 quse
877 3734 943 3789 nihil
951 3736 983 3789 ed
992 3737 1141 3791 institutum
1148 3738 1291 3809 pertiuent3
1302 3738 1385 3792 nisisi
1393 3738 1456 3809 qnid
1465 3740 1586 3795 detrens·

423 3820 563 3873 lotionibus
575 3820 744 3891 postmodum
755 3821 804 3873 erit
815 3820 955 3891 egendum.

489 3905 545 3959 Hes
557 3910 618 3959 sunt
633 3906 697 3961 runi
712 3904 781 3976 apud
792 3904 978 3961 Thelmudicos
993 3909 1131 3979 scriptores
1145 3908 1246 3963 formes
1262 3908 1503 3980 descriptionesque
1514 3912 1586 3972 duee,

424 4007 533 4063 querum
545 3991 614 4061 prior
627 3990 722 4047 Christi
732 3991 892 4063 temporibus
904 4008 938 4047 ex
954 3994 1060 4049 illorum
1075 3994 1198 4064 opinione
1215 3995 1349 4064 congruit,
1365 3996 1496 4065 posterior
1510 3997 1586 4065 longe

424 4084 514 4150 poetes
525 4081 566 4129 est
579 4083 689 4147 recepte.
714 4076 840 4141 Quocirca
851 4094 904 4131 non
915 4078 1078 4132 mediocriter
1090 4080 1212 4133 oberrem
1223 4080 1314 4149 quiex
1325 4079 1526 4137 recentioribus
1535 4098 1584 4137 me

423 4164 501 4219 thodo
513 4161 657 4231 mediisque
668 4162 746 4217 luuee
757 4164 872 4217 motibus
884 4168 974 4215 veteru
984 4162 1139 4218 Iudeeorum
1149 4162 1231 4229 ieete,
1242 4164 1381 4234 praecipue
1392 4163 1540 4235 peeeheu'e,
1550 4167 1584 4219 in·

423 4251 520 4320 degere
537 4246 655 4309 student;
674 4248 742 4316 quod
753 4248 850 4302 Peulus
861 4247 1057 4319 Forosempron.
1070 4250 1148 4303 unxie
1159 4250 1238 4303 nimis
1250 4255 1277 4302 et
1286 4250 1439 4321 scrupulose
1449 4249 1528 4316 iecit,
1543 4252 1585 4305 lib.

423 4354 480 4391 rur.
491 4334 572 4406 pertis
585 4348 612 4387 rr.
647 4330 737 4402 Neque
753 4334 841 4387 minus
858 4338 945 4387 errent
961 4334 1007 4404 qui
1016 4332 1100 4389 Pheee
1111 4334 1246 4389 Indelcnm
1256 4336 1321 4389 lune
1330 4352 1385 4391 xrs.
1396 4352 1433 4390 ex
1442 4336 1584 4392 mediorum

423 4426 543 4475 motuum
559 4418 686 4473 nocuretis
703 4419 848 4474 retionibus
865 4420 1046 4489 edeuingnut,
1067 4420 1279 4491 quondoquidem
1301 4420 1381 4476 biduo
1396 4438 1584 4494 nonnunqum

422 4512 483 4575 post
491 4505 604 4561 medinm
612 4504 822 4559 coniunctionem
831 4503 901 4575 φάσις
910 4505 1176 4576 eccidereinpolitleo
1184 4522 1253 4561 euno
1261 4507 1355 4577 potnit.
1372 4506 1476 4579 Deque
1486 4516 1583 4579 postet

489 4591 565 4645 Nunc
576 4591 646 4646 enim
658 4590 768 4643 eliorum
774 4596 839 4661 post
846 4590 979 4645 llebreeoe
987 4591 1128 4660 megietroe
1137 4591 1308 4661 expendenda
1319 4592 1450 4648 sententie
1460 4599 1513 4659 eet,
1524 4594 1583 4649 See·

420 4676 497 4745 ligeri
508 4676 671 4747 cumprimis,
683 4676 728 4745 qui
739 4675 783 4729 lib.
796 4674 827 4729 de
839 4674 947 4729 Emend.
958 4675 1086 4745 Tempu.
1098 4676 1161 4729 etin
1168 4676 1239 4745 leeg.
1248 4676 1312 4731 (len.
1323 4678 1428 4749 copiose
1439 4676 1472 4732 de
1481 4677 1584 4734 ludsice

421 4766 477 4814 tarn
488 4766 574 4815 vetere
592 4778 671 4831 quern
688 4760 785 4813 receuti
802 4762 864 4815 enni
880 4761 967 4815 forme
983 4759 1125 4830 dispulerit
1140 4776 1175 4816 er
1189 4760 1367 4816 liehreeorum
1382 4765 1581 4819 commentoriie.

320 4861 342 4902 n·
351 4848 395 4895 1⁵³·
421 4844 486 4913 eod,
504 4851 533 4899 ut
550 4846 631 4911 solet,
647 4846 776 4918 permulto
791 4861 825 4899 err
839 4846 1008 4917 ingeniosus
1020 4844 1174 4900 conficteec
1184 4846 1252 4901 isles
1261 4847 1415 4917 permiscet3
1430 4863 1500 4918 quse
1514 4849 1583 4915 uiti,
