3650 5642
380 674 384 683 .
428 622 504 680 cmv

428 786 573 834 extumum
589 794 672 849 usque
687 779 756 832 vitae
772 779 916 849 pericnlum
932 780 960 833 iu
976 778 1067 832 delimo
1083 782 1296 849 perseverassent
1329 776 1409 831 Unde
1425 778 1456 831 iu
1475 777 1579 831 connis

427 865 522 919 Arelas
533 883 552 920 1.
565 864 720 919 Canum:
732 863 774 916 Da
785 864 836 928 liv,
848 870 891 935 pua·
902 874 1059 935 apostatant,
1072 873 1095 916 et
1107 881 1267 933 receptoriae
1279 865 1315 915 od
1323 864 1468 915 ecclesiaeve
1481 878 1579 931 reptos·

427 959 537 1013 uniunt,
553 966 599 1003 nec
615 950 713 1017 quidem
723 952 903 1018 poenitentium
920 967 996 1017 apere
1012 958 1146 1019 quaeruut,
1162 960 1186 1001 et
1197 958 1286 1017 postea
1301 950 1457 1015 infir-irritata
1475 950 1581 1014 correpti

426 1028 725 1105 peiontcommaiom,
737 1036 841 1104 placuit
855 1039 892 1087 eis
907 1052 956 1087 οοιι
968 1036 1080 1087 dandum
1096 1037 1299 1097 communionem,
1316 1036 1365 1083 otei
1380 1034 1551 1085 revaluerint
1564 1042 1582 1081 er

428 1123 526 1195 egerim
536 1122 736 1189 dipnoajrnctus
744 1124 920 1189 ροοοίίοιιίιοο,

492 1204 540 1258 list
550 1203 621 1257 aliud
631 1205 738 1275 iusuper
747 1205 775 1258 in
785 1206 831 1258 illo
842 1204 984 1258 Inuoomtii
994 1204 1052 1257 loco
1064 1204 1170 1257 minime
1181 1202 1406 1275 praetereundem,
1421 1218 1489 1255 cnm
1502 1201 1539 1253 ait
1548 1219 1583 1250 aa·
1624 1258 1625 1269 χ

426 1294 602 1359 potumfleteee
614 1294 815 1353 commentorem,
828 1306 969 1342 eoeooerom
977 1293 1169 1359 poenitentiaea,
1187 1306 1216 1340 ne
1232 1296 1306 1341 totum
1319 1291 1426 1357 penitus
1439 1296 1584 1355 muniar.

426 1375 467 1428 Ex
479 1391 530 1445 quo
541 1377 579 1428 ita
589 1376 710 1445 colligere
721 1376 792 1428 licet:
804 1376 856 1427 nisi
866 1375 1039 1445 poeniteutiae
1049 1375 1153 1427 nomine
1165 1373 1352 1435 absolutionem
1361 1372 1540 1425 Innocentius
1550 1372 1584 1422 iu·
1624 1354 1625 1377 ¹

426 1460 538 1530 telligat,
555 1476 622 1530 qnae
631 1476 648 1512 a
658 1459 780 1513 dominici
791 1460 905 1530 corporis
917 1459 1059 1531 usmpandi
1069 1460 1124 1513 iure
1135 1458 1255 1512 distincta
1265 1460 1311 1522 sit,
1327 1457 1359 1509 de
1375 1474 1432 1528 quo
1444 1461 1542 1527 postea
1552 1454 1585 1506 di·
1624 1426 1625 1483 ¹

428 1561 528 1611 oenus,
537 1546 692 1616 quibusdam
700 1545 877 1616 peccatoribus
885 1546 1069 1615 poeniteutiam
1078 1544 1115 1597 ita
1124 1545 1277 1614 permissam
1285 1559 1354 1607 esse,
1364 1550 1394 1596 ut
1403 1559 1440 1595 sa
1449 1556 1583 1610 nunquam

427 1632 595 1686 relaxaretur.
629 1628 982 1683 Siceuimsesercslrabuit.
1016 1630 1074 1683 Nou
1089 1627 1535 1699 temereqnivisadpoenitentu'am
1546 1624 1584 1677 ad·

427 1717 525 1772 εοίοιοο
535 1722 586 1781 eet,
597 1720 639 1780 ut,
651 1716 769 1785 quamvls
777 1730 910 1785 nunquam
919 1716 945 1769 in
956 1716 1066 1785 gretiam
1075 1730 1135 1768 cum
1143 1714 1252 1767 ecclesie
1259 1712 1388 1766 rediturus
1397 1719 1490 1775 esset,
1501 1718 1583 1763 tamer

428 1801 583 1872 cumaliquo
591 1800 690 1853 delectu
699 1800 829 1869 publicam
838 1799 869 1853 ad
878 1774 1080 1854 satlsiactionem
1088 1798 1323 1873 poenitentiamque
1331 1798 1506 1867 reciperetur.
1524 1794 1583 1848 bam

428 1893 455 1941 et
465 1888 492 1940 in
503 1886 607 1957 publica
622 1884 952 1954 poenitendaeiuuctione,
967 1886 1007 1939 vel
1024 1886 1088 1937 citra
1104 1884 1273 1937 absolutionis
1289 1898 1374 1952 spem,
1391 1898 1461 1935 suna
1482 1880 1583 1950 quidam

428 1978 484 2026 erat
492 1974 605 2034 tructus,
620 1969 689 2039 quod
704 1970 831 2040 imprimis
842 1970 958 2025 fidelium
969 1970 1086 2040 precibus
1099 1968 1329 2022 commendatiores
1341 1974 1438 2021 essem.
1477 1964 1583 2035 Quodsi
1624 1966 1625 2005 l

428 2055 917 2128 praetereaperpetuaillapoeuitentia
927 2054 1055 2111 damnatis
1066 2052 1207 2124 medebor,
1223 2060 1254 2105 ut
1269 2052 1390 2116 caeteris,
1408 2052 1444 2103 ad
1463 2058 1584 2121 quartum
1624 2032 1625 2111 ί

428 2142 598 2210 ultimumque
610 2139 725 2193 ordinem
736 2141 824 2193 liceret
834 2139 919 2205 evehi,
932 2154 1009 2209 quarn
1022 2140 1135 2191 σύστασιν
1144 2140 1283 2203 vocabant,
1294 2154 1348 2191 non
1359 2134 1581 2191 contemnendum
1624 2180 1625 2219 p

429 2226 648 2297 operaepretium
663 2226 761 2291 extitit,
777 2226 801 2279 si
817 2226 902 2279 minue
920 2224 952 2279 ad
969 2240 1059 2295 pacem
1071 2230 1097 2277 et
1108 2222 1276 2278 eucharistiae
1292 2222 1536 2292 participationem,
1553 2218 1583 2271 ad
1624 2236 1625 2324 p

428 2312 577 2368 interiorem
591 2302 678 2364 tamen
695 2311 818 2364 orationis
833 2317 1044 2380 caeterarumque
1059 2324 1145 2363 rerum
1156 2310 1305 2362 societatem
1316 2306 1463 2361 transferri.
1499 2304 1580 2369 Quan-

430 2410 507 2467 quam
519 2396 565 2449 rix
577 2402 655 2449 estut
666 2396 769 2449 credam
784 2396 915 2466 perpetuis
931 2396 982 2449 illis
997 2395 1186 2465 poenitentibus
1201 2399 1358 2465 postremum
1375 2392 1454 2445 illum
1473 2390 1580 2462 gradum
1624 2387 1625 2433 l

428 2483 555 2554 patuisse,
567 2482 629 2551 quin
641 2481 727 2551 potius
737 2482 820 2534 tribue
832 2480 961 2551 prioribus
973 2480 1091 2533 definitos
1102 2481 1160 2533 illc
1172 2495 1230 2533 esse
1241 2478 1365 2547 suspicer.
1396 2477 1437 2529 lta
1450 2476 1526 2547 apud
1537 2472 1580 2527 lia·
1624 2449 1625 2518 ί

430 2568 516 2621 silium
531 2565 594 2620 Gan.
605 2582 697 2619 naseu.
713 2564 746 2618 ad
762 2564 873 2635 Amphil.
890 2566 935 2635 qui
951 2564 1082 2619 Christum
1098 2564 1242 2635 negaverit,
1259 2564 1325 2616 inter
1343 2560 1579 2633 προςελοίοιτοςίο
1624 2619 1625 2634 ¹

429 2658 580 2723 perpetuum
590 2651 728 2720 relegatur.
754 2648 785 2702 ‘0
801 2650 843 2703 τὀν
858 2650 962 2720 Χριστὸν
979 2648 1154 2721 ἀρνησάμενος,
1171 2648 1211 2700 καί
1227 2643 1337 2717 παραβὰς
1353 2646 1382 2698 rb
1398 2650 1441 2713 τῆς
1458 2644 1580 2714 σωτηρίας

429 2737 567 2806 μυστήριον,
579 2732 604 2785 iv
615 2734 686 2786 παντί
697 2738 735 2803 τῷ
745 2736 830 2804 χρόνῳ
839 2739 881 2800 τῆς
893 2738 957 2801 ζωῆς
969 2734 1044 2787 αὐτοῦ
1053 2734 1203 2805 προςκλοίειν
1213 2731 1313 2803 ὀφείλει,
1326 2732 1366 2784 καί
1378 2728 1578 2803 ἐξομολογεῖσθαι

428 2822 560 2891 memmi,
577 2816 601 2870 iv
618 2822 655 2887 τῷ
672 2822 751 2888 καιρῷ
768 2813 790 2888 ᾤ
805 2816 907 2886 ἐκβαίνει
924 2824 967 2871 τοῦ
979 2819 1032 2887 βίου
1044 2823 1093 2871 τῶν
1105 2818 1261 2889 &prespitero
1273 2816 1424 2888 ἀξιούμενος,
1443 2816 1524 2869 πίστει
1540 2816 1578 2877 τῆς
1624 2845 1625 2848 =

346 2950 352 2965 ,
428 2904 495 2974 παρὰ
506 2903 561 2955 θεοῦ
573 2902 761 2972 φιλανθρωπίας.
789 2904 955 2971 homanum
966 2920 1026 2957 vero
1039 2904 1101 2957 Oen.
1114 2922 1188 2959 xxrrv.
1201 2921 1245 2957 eos
1256 2904 1301 2973 qui
1311 2904 1488 2956 relucterium
1499 2900 1577 2955 nour·-

428 2988 523 3043 oidium
533 2988 736 3059 perpetraverint
745 2993 800 3041 toto
811 2988 878 3041 vitae
889 2994 1005 3059 tempore
1016 2988 1155 3041 icucreiure
1166 2990 1281 3043 subiicit:
1294 2987 1346 3058 περὶ
1358 2985 1477 3039 &oasim
1490 2986 1577 3056 posue,
1624 3051 1625 3062 γ

429 3069 630 3128 inseruitum
642 3072 694 3144 ple,
706 3077 751 3127 τοῦ
763 3073 790 3126 bl
801 3071 893 3125 τελείου
904 3071 928 3125 ir
940 3078 977 3144 τῷ
989 3072 1054 3126 τέλει
1064 3078 1107 3127 τοῦ
1120 3073 1173 3142 βίου
1186 3072 1405 3134 κατοξιούοθωοαι.
1428 3072 1512 3142 Atqui
1522 3069 1577 3123 Bal·

429 3175 503 3213 sarno
511 3159 544 3213 ed
552 3158 641 3214 Basllli
651 3158 783 3214 (lenonem
791 3176 844 3213 nou
852 3160 992 3231 putalillos
1001 3162 1050 3211 τῶν
1062 3158 1257 3231 προςελαιόιιων
1270 3158 1351 3227 gradu
1363 3162 1489 3227 perpetuo
1500 3156 1576 3209 inisse

429 3245 578 3312 damnatos,
597 3246 643 3300 sed
661 3246 775 3317 reliquos
794 3262 885 3300 omues
902 3264 936 3300 ex
953 3247 1104 3315 Ancyranae
1123 3244 1214 3313 synodi
1233 3244 1388 3314 praescripto
1408 3242 1576 3313 percurrisaci
1624 3248 1625 3266 ¹

429 3332 497 3403 quod
509 3331 642 3386 laudacie
654 3348 689 3385 en
699 3348 790 3385 verum
800 3333 846 3395 sit,
859 3332 981 3401 quoniam
990 3330 1140 3398 Ancyranue
1153 3329 1241 3383 Gauon
1253 3328 1315 3381 satia
1327 3328 1463 3381 commode
1474 3328 1509 3381 ad
1520 3340 1575 3379 eum

428 3432 535 3471 sensum
545 3418 660 3471 revocari
669 3416 778 3469 ridetur.
798 3416 854 3469 Hoc
865 3432 940 3481 uero,
952 3417 1020 3485 quod
1033 3432 1065 3469 ex
1077 3415 1220 3469 Innocentii
1231 3414 1338 3485 epistole
1350 3413 1488 3482 colligitur,
1500 3412 1574 3465 ctiam
1624 3443 1625 3480 ι

429 3500 552 3571 Cypriani
568 3502 694 3555 autoritas
711 3499 871 3571 comprobet,
890 3501 934 3569 qui
951 3501 978 3553 in
995 3500 1076 3570 Epist.
1089 3499 1121 3551 nd
1132 3501 1227 3553 Anton.
1245 3498 1295 3551 duo
1313 3500 1358 3552 illa
1374 3499 1412 3551 sic
1429 3495 1573 3567 distinguit:

329 3592 404 3643 ersa
428 3584 520 3650 Miror,
531 3586 629 3655 iuquit,
645 3587 764 3654 quosdam
774 3588 812 3636 sic
823 3584 960 3636 οίιιοίιιοτοο
971 3602 1034 3649 esse,
1046 3587 1194 3638 uidendam
1206 3586 1287 3654 lupera
1298 3602 1345 3635 non
1354 3586 1574 3653 potestpoenitee·
1624 3579 1625 3588 ’

429 3672 502 3731 bosv,
515 3679 562 3721 out
568 3671 750 3738 pemmatibus
760 3672 899 3721 mamert
908 3674 1006 3720 oculum
1019 3672 1200 3737 deeepondone.
1232 3668 1309 3722 Aliud
1319 3669 1405 3737 itaque
1415 3668 1506 3733 fuerit,
1518 3680 1574 3737 poe·

398 3818 401 3826 Ι
428 3752 563 3806 nitentium
575 3752 726 3816 concedere,
738 3752 808 3805 aliud
818 3754 979 3822 poenitentes
991 3754 1023 3807 ad
1035 3771 1107 3825 spem
1119 3754 1333 3808 reconciliationis
1344 3753 1486 3807 admittere.
1504 3748 1574 3815 Quod
1624 3771 1625 3804 l

428 3837 618 3891 inNovntianis
633 3836 800 3890 nibilominus
816 3836 979 3907 reprehendit
990 3839 1140 3892 Ambrosius
1156 3840 1200 3893 lib.
1212 3856 1230 3893 r.
1248 3840 1278 3891 de
1289 3839 1368 3894 Poeu.
1385 3854 1440 3909 cap.
1452 3856 1473 3891 r·
1511 3836 1576 3897 Quid
1624 3825 1625 3898 ί

430 3930 511 3976 asem
522 3924 622 3986 dorius,
638 3923 734 3992 inquii,
750 3940 824 3991 οοοιο
841 3934 869 3975 ut
883 3925 1197 3994 indicuntpoem'ientiam,
1215 3944 1287 3994 psam
1305 3926 1494 3977 rrucrelcreutl
1527 3917 1573 3974 Sed
1624 3965 1625 4006 r

428 4007 633 4063 almanorum
644 4008 747 4061 saeculo
759 4008 811 4061 iam
822 4024 886 4060 usus
897 4010 1089 4077 percrebuerat,
1101 4008 1202 4061 nullum
1214 4015 1242 4062 ut
1252 4014 1416 4081 peccatorum
1428 4024 1511 4076 genus
1523 4022 1573 4058 am·
1624 4021 1625 4094 p

429 4093 496 4165 plius
507 4092 694 4148 excluderetur.
721 4092 776 4147 Nisi
786 4094 853 4147 forte
865 4092 948 4147 adhuc
959 4094 986 4147 iu
997 4094 1122 4165 Hispania
1133 4094 1287 4163 quibusdam
1298 4095 1326 4147 iu
1337 4094 1401 4147 loeis
1413 4094 1512 4163 antiqui
1522 4106 1571 4145 mo·

429 4180 464 4233 ris
476 4178 616 4247 vestigium
628 4185 739 4245 extaret,
756 4195 838 4249 eoque
854 4194 932 4231 sensu
943 4178 1071 4233 Parianus
1083 4178 1246 4250 accipiendus
1258 4180 1304 4243 sit,
1321 4196 1381 4232 curn
1392 4178 1442 4232 tria
1452 4178 1498 4231 illa
1509 4174 1571 4245 eapi-
1624 4169 1625 4222 ί

428 4265 493 4319 talla
502 4264 611 4317 crimina
620 4264 719 4316 nullam
730 4266 867 4334 impetrare
878 4278 968 4333 paoem
981 4266 1133 4334 veniamque
1144 4265 1306 4334 pronunciat.
1333 4262 1448 4327 Quorum
1459 4262 1571 4315 conscios
1624 4240 1625 4330 ¹

429 4365 489 4403 cum
501 4348 534 4402 ad
543 4348 733 4419 procurandum
744 4349 912 4404 nihilominus
927 4348 1070 4423 remedium
1086 4348 1208 4413 hortatur,
1225 4348 1281 4401 lieri
1295 4354 1381 4419 potest
1396 4355 1426 4401 ut
1440 4348 1474 4401 ad
1489 4360 1570 4418 capus-
1624 4383 1625 4437 l

429 4435 536 4487 mudum
547 4434 724 4503 siuenllaspe
739 4436 955 4488 reconciliationis
971 4434 1155 4505 poeniteutiam
1172 4434 1294 4503 impellat.
1328 4433 1402 4486 Certe
1419 4433 1509 4503 negari
1523 4446 1570 4484 nou
1624 4442 1625 4474 l

428 4524 515 4588 petest
525 4522 588 4589 quin
599 4521 707 4573 obscure
719 4533 749 4571 ao
760 4522 882 4589 perplexe
894 4520 925 4572 de
937 4519 984 4571 hac
996 4536 1023 4571 re
1034 4519 1160 4572 Parianus
1172 4518 1299 4589 desputet,
1311 4518 1375 4572 adeo
1387 4524 1416 4572 ut
1426 4534 1460 4571 ex
1471 4516 1569 4571 Eliberi·

428 4609 489 4657 tano
501 4620 625 4659 consessu
636 4603 792 4674 asperimm
803 4606 875 4659 illam
887 4604 1050 4673 disciplinam
1062 4604 1220 4673 expressisse
1232 4605 1312 4658 videri
1317 4604 1412 4675 possit.

495 4688 536 4743 lix
547 4691 581 4743 iia
592 4690 712 4743 omnibus
723 4688 805 4757 liquet
814 4690 905 4758 procul
917 4706 934 4743 a
944 4688 1146 4743 Novatiauorum
1158 4704 1243 4742 errore
1252 4706 1282 4742 ac
1291 4690 1398 4759 perfidia
1406 4688 1567 4742 Eliberitanos

428 4775 514 4841 patres
525 4774 653 4839 abluisse,
664 4790 712 4826 uec
723 4774 794 4827 eliud
805 4776 911 4827 omuino
924 4774 974 4825 nisi
983 4780 1028 4827 aut
1036 4774 1147 4844 priscam
1156 4774 1278 4827 acclesiae
1288 4774 1460 4843 disciplinam,
1471 4773 1516 4826 sed
1526 4786 1568 4824 mu

428 4857 481 4908 iarn
494 4856 668 4940 obliteratam,
685 4858 769 4911 denuo
781 4874 928 4923 revocasse,
940 4864 985 4911 aut
995 4858 1143 4913 haerentem
1154 4858 1237 4913 adhuc
1248 4860 1275 4912 iu
1286 4858 1417 4928 Hispaniis
1429 4858 1502 4911 novis
1512 4856 1567 4927 legi·
