3650 5642
1269 621 1400 680 XXXVII

247 773 282 826 rei
296 777 346 836 τοῖς
362 773 450 846 μάγοις
466 775 533 830 οἴνου
549 793 576 829 τι
587 773 652 848 desei
669 776 710 830 καθ
720 774 853 849 ἐμψύχων,
873 775 914 830 καλ
931 773 1078 848 ἀφροδισίων
1095 773 1227 854 ἀπέχεσθαι
1243 775 1400 848 λατρεύουσιν

246 858 353 928 &ritino
365 861 406 914 ul
416 861 537 932 δαίμοσιν.
560 862 628 916 Hinc
638 861 716 917 Oonc
726 862 808 918 Laod.
822 862 886 918 Gan.
897 881 978 918 xxxv.
1000 860 1060 916 Ὅτι
1071 861 1100 915 od
1113 863 1150 916 δεῖ
1160 863 1315 933 Χριστιανοὺς
1327 860 1400 934 ἐγκα-

247 944 360 997 ταλείπειν
377 945 419 1014 νην
430 944 560 1014 ἐκκλησίαν
575 951 621 1000 τοῦ
633 948 701 1018 θεοῦ,
719 947 760 1000 καλ
771 946 878 1017 ἀπιέναι,
895 947 936 1000 καθ
952 945 1073 1019 ἀγγέλους
1085 943 1224 1020 ὀνομάζειν,
1240 947 1282 1000 καθ
1293 946 1399 1011 ουνθξεις

248 1034 317 1082 καίοι
327 1036 379 1088 etc.
413 1033 484 1097 Ques
495 1034 649 1104 angelorum
660 1030 782 1104 ὀνομασία
793 1033 827 1086 ad
836 1049 975 1104 magorum
986 1034 1142 1104 praestigias
1153 1034 1400 1105 superstisiososqne
1502 1099 1507 1112 .

248 1116 325 1168 cultus
335 1117 427 1171 referri
437 1117 523 1172 debet.
545 1117 581 1172 Ut
590 1124 617 1173 et
627 1120 691 1172 illud
701 1119 777 1173 Pauli
788 1119 822 1172 ad
833 1119 933 1174 coloss.
945 1135 967 1174 c.
981 1118 1010 1172 2:
1032 1117 1114 1190 μηδείς
1126 1117 1187 1188 ὑμᾶς
1199 1119 1400 1190 καταβραβευέτω

248 1200 318 1252 θιλον
328 1199 355 1254 ἰν
366 1204 574 1275 ταπεινοφροσύνῃ
592 1204 633 1256 καθ
644 1204 759 1276 θρησκεία
769 1206 819 1256 τῶν
831 1201 952 1275 ἀγγέλων.
984 1203 1025 1258 Ex
1041 1219 1093 1274 quo
1109 1203 1173 1258 illud
1184 1211 1304 1276 apparet,
1322 1214 1401 1276 quam

246 1286 324 1356 inepte
334 1288 372 1340 ab
386 1286 524 1343 haereticis
536 1289 569 1343 ad
579 1290 741 1344 stolidissimi
757 1290 852 1343 erroris
862 1289 1036 1360 patrocinium
1051 1295 1159 1360 uterque
1169 1290 1213 1344 ille
1224 1291 1298 1346 locus
1309 1290 1400 1344 sffera-

245 1379 288 1426 tnr.
308 1373 406 1427 liirum
416 1380 459 1428 eet
468 1391 530 1428 raro
541 1375 611 1446 qnod
627 1377 655 1428 in
665 1375 853 1430 Ecclesiasticis
864 1375 1009 1428 Annalibus
1021 1374 1130 1444 legitur,
1146 1373 1177 1428 de
1189 1376 1235 1429 illa
1245 1377 1399 1448 angelorum

245 1457 349 1528 θρησκείᾳ
358 1460 462 1514 nnllam
477 1461 511 1513 ab
521 1459 667 1532 Epiphanio
678 1462 838 1515 mentionem
850 1477 907 1514 esse
918 1459 1022 1514 iactam.
1046 1459 1112 1524 Quid
1124 1461 1194 1514 euim
1213 1462 1307 1516 clarium
1319 1478 1399 1533 quam

244 1544 304 1612 quod
313 1543 474 1616 Epiphanius
485 1545 535 1600 hoo
545 1546 603 1600 loco
614 1552 703 1600 narrat
713 1547 848 1600 Simonem
858 1545 1013 1618 angelorum
1028 1546 1116 1600 nasum
1133 1561 1198 1616 quas
1211 1548 1397 1618 appellationes

244 1645 291 1682 esee
305 1636 498 1696 commentum,
520 1648 569 1684 nec
579 1631 655 1685 aliter
674 1633 783 1685 obtineri
799 1648 877 1702 posse
897 1632 1010 1684 salutem
1030 1647 1201 1697 msererasse,
1213 1633 1324 1702 quamsi
1339 1633 1397 1702 quis

243 1730 335 1768 summo
344 1715 451 1769 Parenti
460 1733 508 1787 per
518 1715 624 1770 eudem
634 1718 692 1770 ilias
703 1717 847 1771 Potestates
859 1733 890 1770 ac
898 1717 1096 1772 Dominationes
1108 1717 1264 1771 sacrificium
1275 1715 1397 1771 offerret?

242 1800 338 1854 Annon
347 1800 413 1855 haec
424 1807 466 1854 eet
476 1801 591 1872 θρησκεία
601 1804 651 1854 τῶν
663 1800 794 1873 σίγγὲλωντ

301 1887 407 1940 Atenim
418 1888 540 1957 angelos,
551 1905 618 1959 quos
629 1888 721 1941 mundi
731 1887 878 1941 conditores
888 1887 962 1952 iecit,
983 1887 1124 1941 detestatus
1137 1892 1177 1940 est
1188 1886 1280 1942 Simon
1291 1888 1397 1959 suisque
1422 1912 1443 1952 ρ.
1456 1901 1488 1941 ει.

243 1972 312 2023 vetuit
328 1972 457 2042 κρσςίχειν
478 1973 586 2041 τούτοις,
606 1979 637 2026 nt
652 1974 689 2026 ait
704 1972 830 2026 Theodor.
847 1978 874 2026 et
888 1972 1019 2027 benacus.
1054 1971 1104 2036 Qui
1119 1973 1200 2043 igitur
1215 1973 1346 2038 convenit,
1367 1979 1398 2028 ut

243 2055 360 2122 τρησκιθιν
374 2057 428 2111 illis
444 2056 609 2112 adhibuerit?
636 2058 687 2113 Sed
698 2059 821 2112 nimirum
832 2063 971 2130 utrumque
988 2075 1079 2112 verum
1098 2063 1146 2112 eet
1174 2058 1290 2128 Angelos
1306 2059 1398 2113 mnndi

243 2141 378 2196 conditurae
389 2144 593 2198 contemnendos
608 2160 667 2198 esse
682 2144 769 2198 docuit
785 2149 904 2209 eatenus,
920 2150 950 2197 ut
966 2161 1046 2215 supra
1062 2144 1121 2198 illos
1133 2143 1288 2197 attollendos
1300 2161 1328 2197 se
1340 2161 1397 2211 esse

243 2226 373 2292 crederent,
384 2234 413 2281 et
422 2229 457 2282 ad
468 2246 601 2284 summum
610 2231 686 2284 illum
693 2230 797 2284 Patrem
808 2245 962 2296 emersuros,
974 2245 1005 2283 ac
1016 2228 1185 2282 nihilominus
1196 2235 1293 2294 muron,
1306 2247 1397 2300 quam-

244 2311 280 2364 diu
288 2314 314 2366 in
323 2313 375 2366 hac
385 2314 441 2368 rita
452 2315 589 2386 degerent,
607 2316 758 2369 execrandis
769 2316 820 2368 illis
832 2315 963 2385 mysteriis
975 2331 1005 2368 ac
1016 2315 1108 2368 ritibus
1120 2315 1274 2385 placandos,
1291 2332 1324 2368 ue
1336 2332 1396 2368 evo·

244 2397 316 2452 lentes
331 2416 348 2452 s
362 2401 517 2470 corporibus
528 2402 629 2454 animas
645 2418 693 2472 pro
704 2419 753 2455 suo
764 2402 820 2454 iure
836 2401 984 2454 retinerent
1008 2399 1082 2464 Quod
1095 2399 1213 2454 Gnostici
1229 2401 1396 2470 postmodum

244 2484 403 2554 erupuerunt
426 2485 543 2550 Quorum
553 2487 617 2540 iilud
629 2493 697 2552 erat,
715 2486 744 2538 rit
755 2485 858 2556 σαρκικὰ
869 2489 920 2548 τοῖς
930 2489 1054 2556 σαρκικοῖς
1066 2481 1210 2540 &audentea

299 2567 333 2621 'll
341 2569 388 2622 rin
399 2575 438 2641 τῷ
450 2569 523 2642 λόγῳ
534 2571 564 2623 σθ
576 2571 704 2640 ἐπίθετον]
721 2571 788 2637 Quid
799 2572 905 2626 undem
916 2572 966 2626 sibi
977 2572 1034 2625 uult
1043 2569 1220 2642 Epiphanius?
1229 2570 1315 2640 Neget
1325 2571 1396 2625 enim

245 2651 364 2710 θθαοαιπι
373 2658 457 2710 ullam
467 2658 519 2710 sibi
529 2658 730 2729 appellationem
740 2658 873 2712 indidisse.
902 2658 937 2712 At
953 2658 1011 2727 quis
1022 2657 1045 2710 is
1061 2657 1141 2710 trium
1158 2657 1209 2710 sibi
1224 2673 1394 2728 personarum

245 2742 336 2794 nomina
345 2741 510 2808 vindicabat,
526 2749 554 2796 et
564 2744 665 2814 δύναμιν
675 2745 743 2798 inter
753 2749 839 2798 cetera
851 2744 908 2797 θεοῦ
920 2760 977 2798 sese
986 2743 1152 2808 nominabat,
1167 2741 1216 2796 hoc
1232 2747 1283 2806 est,
1300 2749 1330 2796 ut
1344 2759 1394 2814 ego

244 2825 395 2896 interpretor,
408 2828 451 2882 dei
461 2828 555 2885 filium.
578 2829 644 2884 Vide
654 2829 720 2886 Iren.

298 2912 338 2964 ’lis
349 2912 414 2983 μέση
425 2919 456 2985 τῇ
468 2917 518 2966 τῶν
529 2914 661 2986 Ῥωμαίων
673 2915 764 2984 πόλει]
785 2915 859 2970 Ηαοο
868 2915 1003 2970 historiam
1019 2921 1118 2970 ueteres
1131 2931 1222 2968 omnes
1234 2915 1323 2969 Patres
1334 2919 1395 2986 post

245 2993 360 3052 luth'num
375 2998 506 3066 reicrunt,
525 3001 667 3067 Eusebius,
684 3001 808 3071 (tyrillus,
824 3007 851 3054 et
861 3002 913 3055 elii.
946 3001 997 3056 Sed
1014 3001 1045 3054 de
1057 3007 1145 3055 statua
1156 3001 1257 3055 Simoni
1274 3001 1395 3054 cambac

245 3082 397 3154 inscriptione
407 3086 508 3156 posita,
519 3086 639 3141 amour
654 3087 722 3140 Duo
739 3086 884 3152 saucit),
900 3088 940 3140 vir
951 3087 1056 3158 qnidam
1068 3087 1184 3142 eruditus
1196 3087 1337 3152 addubitat,
1349 3087 1395 3157 qui

245 3166 358 3223 luminum
369 3169 500 3226 &aarum
507 3171 641 3227 hominem
652 3189 736 3227 errore
748 3173 884 3244 deceptum
895 3178 979 3244 putat,
991 3189 1051 3226 cnm
1062 3173 1197 3242 vulgarem
1208 3171 1280 3224 illam
1291 3187 1322 3224 ac
1334 3187 1393 3242 pas·

245 3253 285 3308 tiu
293 3262 426 3311 umnam
436 3255 572 3328 ἐπιγραφὴν
582 3259 692 3329 legisset
702 3257 831 3313 suuoul
841 3259 908 3312 Ι)Εο
921 3257 1066 3324 SANGTO,
1077 3257 1211 3311 Simonem
1223 3273 1269 3328 pro
1281 3255 1394 3311 Sarnous

245 3345 368 3414 noepuse.
391 3343 466 3409 Quae
476 3343 541 3398 mibi
551 3346 700 3399 coniectura
710 3361 773 3398 sane
784 3345 925 3416 probabilis
937 3350 977 3398 est
987 3344 1051 3397 risa.

442 3498 490 3554 AD
506 3499 680 3555 nemesim
695 3499 790 3566 xxii,
808 3499 898 3564 QUAE
915 3498 979 3554 EST
995 3496 1182 3553 MENANDRI.

298 3601 492 3656 Dehieuaudro
504 3604 600 3659 Tertul.
618 3604 650 3658 de
666 3603 781 3657 Praescr.
797 3619 820 3656 c.
831 3619 902 3656 xnvr.
936 3603 998 3656 Post
1013 3603 1079 3654 banc
1094 3601 1237 3654 Menander
1253 3601 1393 3672 discipulae

246 3686 311 3751 ἰθέαν,
320 3691 440 3741 similiter
449 3707 551 3758 asopus,
564 3693 651 3743 eadem
665 3692 752 3743 dicens
762 3707 828 3760 qaae
837 3688 923 3741 Simon
934 3693 996 3758 ipre,
1009 3690 1128 3758 quioquid
1142 3705 1169 3738 ee
1179 3686 1265 3739 Simon
1282 3689 1392 3752 diceret,

246 3769 282 3822 Aac
290 3791 314 3826 ιε
323 3775 470 3828 Menander
485 3793 538 3828 esec
549 3777 662 3840 dicebat,
679 3795 775 3845 neposne
786 3775 880 3827 habere
892 3793 1028 3844 quenquam
1036 3791 1112 3844 poree
1128 3775 1233 3826 calorem
1249 3775 1301 3825 taisi
1310 3777 1337 3825 ia
1350 3792 1392 3826 uo·

246 3862 347 3914 niano
359 3861 611 3930 baptizetuofin'eeet.
622 3861 687 3916 Vide
698 3858 793 3916 liuseb.
806 3861 851 3914 lib.
863 3859 907 3915 111.
918 3860 984 3915 Hist.
1001 3875 1057 3930 cap.
1069 3859 1119 3924 20,
1130 3859 1259 3912 Iustinum
1271 3859 1346 3930 Apol.
1359 3859 1392 3923 2.,

245 3942 346 4013 iugum,
356 3945 466 4000 Philsst.
477 3953 526 4000 etc.

298 4030 326 4084 lt.
336 4049 355 4085 r.
382 4026 433 4091 Ὃς
448 4027 498 4082 c'ta'o
515 4031 674 4104 Σαμαρειτῶν
690 4030 854 4104 ὁρμώμενος]
880 4031 1008 4086 Iustinus:
1028 4027 1076 4083 tna
1095 4029 1179 4102 κώμης
1195 4026 1389 4101 nuncupentur.

246 4109 418 4171 Theodoram:
430 4113 480 4168 ἆκθ
490 4111 585 4186 Χαβραλ
597 4117 682 4188 κώμης
694 4118 759 4170 οὕτω
772 4117 930 4189 καλουμένης.
956 4169 959 4176 ,

297 4199 400 4254 'Baucis
412 4199 440 4254 δθ
450 4197 520 4272 ἔλεγε
532 4203 653 4274 δύναμιν]
692 4204 772 4274 Atqui
786 4205 853 4259 Iron.
874 4204 920 4257 lib.
933 4221 950 4256 r.
971 4219 1027 4272 cap.
1040 4217 1093 4255 uxr.
1114 4201 1205 4255 scribit
1219 4201 1390 4255 Menandrum

248 4281 328 4341 θείοιο
338 4289 454 4360 primaru
465 4289 588 4343 uirtutem
598 4290 759 4360 incognitam
769 4291 890 4344 omnibus
902 4306 967 4355 esse,
979 4305 1008 4342 ee
1020 4303 1081 4341 uero
1093 4288 1126 4341 ad
1134 4287 1270 4342 homiuum
1280 4287 1390 4340 salutem

247 4369 271 4420 lh
282 4375 379 4445 augelis
396 4391 456 4428 esse
470 4375 591 4430 missurn
626 4375 711 4439 Quare
726 4393 779 4430 non
791 4374 900 4446 μεγάλην
916 4376 988 4428 illam
1005 4391 1034 4426 se
1054 4390 1111 4428 esse
1128 4373 1228 4444 δύναμιν
1249 4371 1391 4425 assemisse

247 4456 339 4526 θ’θετσε,
349 4466 383 4514 ut
392 4459 477 4531 ipsius
487 4462 616 4530 magister
627 4467 653 4515 et
663 4462 757 4515 erroris
769 4460 937 4526 architectus,
953 4459 999 4533 sed
1010 4459 1138 4514 minorem
1150 4458 1288 4530 quandam.
1315 4455 1389 4520 Quod

249 4543 365 4600 ulmeto
382 4545 512 4601 Theodor.
533 4544 648 4600 ποθεῖτ’
660 4545 763 4598 ‘Esuris
779 4545 818 4616 di,
835 4547 931 4617 iuquit,
944 4544 973 4598 οὗ
983 4543 1025 4614 την
1038 4545 1137 4617 πρώτην
1150 4543 1264 4614 ὠνόμασε
1280 4541 1388 4614 δύναμιν.

248 4619 371 4696 'inustos
387 4629 438 4702 γὰρ
449 4628 524 4702 ἔρησε
535 4633 632 4698 ταύτην·
646 4629 703 4684 ἄλλ’
714 4630 752 4684 ἐπ’
763 4630 853 4698 ἐκείνης
864 4629 1013 4684 ἀπεστάλθαι
1026 4625 1205 4702 βρενθυόμενος
1229 4628 1302 4693 Quod
1318 4629 1342 4682 si
1352 4630 1389 4682 ita

248 4717 286 4776 “it
301 4718 345 4786 qui
357 4733 453 4771 rerum
467 4733 525 4772 esse
540 4723 628 4788 potest
643 4718 713 4788 quod
728 4719 832 4772 subiicit
841 4717 1014 4789 Epiphanius,
1032 4719 1157 4772 maiorem
1173 4733 1201 4769 ss
1216 4715 1388 4770 Menandrum

249 4804 391 4858 ²¹Accessere
405 4819 456 4856 sno
467 4819 498 4857 ac
509 4808 675 4875 praeceptore
685 4805 812 4858 ἰιοτοοιοθ
828 4803 884 4857 Nisi
894 4804 961 4857 forte
973 4804 1103 4858 mendacii
1117 4801 1166 4856 hac
1180 4803 1209 4856 in
1220 4807 1293 4872 parte
1304 4801 1388 4856 Simo·

251 4895 294 4938 an
304 4904 417 4960 arguens
437 4905 550 4959 eumque
570 4889 599 4944 iu
616 4889 731 4943 ordinem
751 4889 884 4960 redigens,
903 4889 953 4943 sibi
970 4891 1021 4961 ipsi
1036 4888 1165 4944 interioris
1182 4889 1252 4943 illius
1264 4887 1387 4959 δυνάμεως
