3650 5642
430 619 530 677 CLVIII

429 776 510 829 inim
521 772 657 845 significet
674 772 739 829 Nem
751 777 811 844 post
822 770 942 843 eclipsin,
954 771 994 823 sci
1002 769 1045 838 τὴν
1054 767 1226 841 irrepentem
1235 766 1267 831 εἰς
1275 768 1304 821 r'o
1316 772 1359 822 tou·
1371 766 1447 836 ἡλίου
1458 764 1580 839 δάμιῳι

430 856 627 926 derisorem-iper
637 860 724 911 leuem
736 858 841 923 snserit,
858 856 907 911 hoe
925 863 965 911 est
981 857 1008 909 in
1025 873 1085 909 eum
1101 856 1168 910 coeli
1182 857 1268 909 locum
1284 855 1437 926 peruenisse
1451 854 1498 924 qui
1509 870 1524 905 e
1535 852 1581 905 die·

429 952 511 999 metro
523 944 605 999 solem
615 944 759 1013 respiceret.
776 942 828 997 Sed
840 959 873 997 ex
884 942 936 997 illis
944 942 1064 1010 Dionysii
1075 941 1160 995 verbis
1172 939 1236 994 nihil
1246 940 1279 993 de
1291 940 1436 1011 plenilunio
1448 938 1582 1007 colligitur.

429 1028 464 1083 Ut
474 1029 542 1081 enim
554 1030 642 1081 lenem
654 1034 714 1081 tnnc
726 1024 890 1099 dppieeupros
902 1026 983 1081 inisse
994 1026 1098 1091 demus,
1115 1042 1175 1079 curn
1192 1042 1224 1079 es
1240 1031 1301 1096 post
1315 1023 1495 1095 lamponianus
1506 1022 1584 1092 pristi-

428 1130 492 1169 num
503 1113 536 1167 sd
547 1114 633 1167 iocum
643 1113 827 1183 regrederetur,
844 1128 889 1182 per
905 1128 963 1165 eam
974 1112 1040 1165 coeii
1050 1112 1155 1182 plegem
1168 1126 1235 1181 quee
1246 1112 1296 1164 soli
1306 1126 1340 1164 eir
1351 1110 1467 1163 edverso
1479 1113 1535 1161 eret
1544 1123 1584 1177 op

428 1199 512 1269 posite
524 1198 656 1253 transiisse
667 1199 753 1251 solum
764 1198 865 1263 dicitur,
879 1214 931 1251 non
949 1197 977 1249 in
993 1213 1025 1249 ee
1041 1197 1198 1251 constitisse.
1221 1195 1282 1249 Plus
1294 1197 1365 1249 enim
1376 1194 1518 1249 dimidiato
1529 1193 1584 1244 orbs

428 1284 560 1353 percurrit.
583 1282 708 1347 Quocirca
719 1282 783 1337 nihil
794 1288 833 1335 est
845 1282 913 1352 quod
924 1280 1075 1352 epiphanii,
1089 1282 1205 1353 edeoque
1219 1282 1351 1334 communi
1361 1280 1535 1350 antiquorum
1546 1292 1586 1347 pe·

429 1375 497 1423 trum
508 1369 650 1421 sententiae
663 1368 764 1423 devere
776 1367 904 1439 passionis
916 1383 985 1419 anuo
1002 1368 1136 1436 negotium
1146 1366 1267 1420 iecesset
1300 1365 1377 1419 Nuus
1393 1365 1498 1418 sutoris
1513 1364 1586 1415 serbe

429 1454 580 1523 singilletim
592 1454 780 1524 expendemus,
792 1454 815 1506 si
826 1453 910 1523 prius,
924 1451 993 1521 quod
1003 1452 1192 1522 propemodum
1202 1451 1348 1516 excideret,
1359 1450 1467 1505 Onuirii
1478 1467 1514 1503 ex
1523 1448 1587 1501 Geu-

428 1540 482 1593 rico
494 1539 647 1593 sententium
660 1538 690 1591 de
701 1537 793 1591 Christi
804 1538 924 1609 passione
935 1537 1092 1592 refellemus.
1110 1537 1157 1590 Hic
1169 1538 1239 1591 euim
1250 1554 1310 1591 cunr
1321 1552 1392 1589 enno
1404 1551 1484 1589 seres
1495 1534 1587 1600 Diosp-

429 1624 517 1677 stenes
533 1640 621 1677 ιιιιι
639 1624 710 1677 illem
727 1622 849 1677 eccidisse
867 1623 1015 1687 confirmet,
1032 1622 1120 1675 Martii
1136 1640 1222 1687 xxvi,
1239 1622 1303 1675 inne
1318 1639 1407 1686 ιιιιι,
1432 1634 1505 1691 ques
1521 1624 1587 1671 ente·

429 1709 534 1763 cedente
546 1724 654 1779 vespere
664 1709 715 1761 ianr
727 1706 847 1761 inchoata
857 1707 955 1773 fueret,
970 1706 1078 1762 lirdeeos
1095 1708 1189 1761 esserit
1198 1708 1362 1761 neomenieru
1373 1722 1427 1759 uon
1441 1720 1460 1757 e
1471 1704 1543 1758 coitu
1553 1703 1586 1754 ln·

429 1794 581 1859 miserium,
595 1792 640 1847 sed
652 1810 669 1845 a
680 1792 837 1845 corniculata
848 1792 936 1863 effigie
947 1793 1076 1863 coepisse,
1093 1791 1141 1845 hoe
1152 1798 1193 1845 est
1203 1793 1280 1846 tertio
1291 1792 1333 1845 die
1343 1796 1404 1862 post
1414 1789 1586 1849 novilunium,

430 1880 499 1949 quod
509 1898 546 1935 rx.
560 1878 600 1931 die
611 1877 697 1931 Martii
708 1878 776 1931 circe
787 1878 850 1931 solis
863 1894 985 1931 occesum
997 1878 1165 1932 commissum
1176 1883 1225 1933 sst.
1243 1874 1316 1931 Unde
1328 1876 1411 1930 civilis
1421 1892 1521 1929 eorum
1531 1888 1587 1925 nco·

429 1965 515 2019 menie
524 1961 572 2015 dni
582 1966 622 2029 τῆς
633 1960 727 2033 φάσεως
736 1963 793 2015 iniit
800 1963 888 2033 Mertii
896 1981 944 2017 ιιι.
962 1963 1044 2033 Igitur
1053 1962 1154 2015 decime
1161 1963 1253 2033 quinte
1260 1961 1403 2016 incurritis
1411 1979 1490 2016 xm
1496 1956 1586 2013 Merti's

429 2050 499 2103 lleec
510 2047 641 2103 Onnirius.
677 2046 747 2111 Quae
758 2064 817 2101 eum
829 2064 862 2101 ex
874 2048 978 2101 Iudeice
989 2047 1106 2101 doctrine
1120 2046 1240 2101 hausisse
1256 2064 1285 2100 se
1300 2046 1464 2118 profiteatur,
1479 2044 1587 2099 muttum

429 2140 516 2189 umen
527 2134 561 2186 eb
573 2148 604 2185 ee
615 2132 766 2203 discrepent.
790 2132 879 2203 Neque
890 2134 961 2187 enim
971 2133 1110 2187 neomenis
1120 2148 1180 2187 cum
1190 2129 1239 2185 tae
1252 2135 1294 2198 τῆς
1306 2130 1403 2201 φάσεως
1418 2130 1586 2184 constituero

383 2264 386 2271 ,
429 2225 478 2284 tur,
494 2218 578 2272 triduo
591 2220 624 2271 eb
636 2234 696 2271 vero
708 2218 776 2271 coitu
788 2234 904 2288 unquam
915 2217 1010 2284 ebinit,
1027 2216 1072 2271 ssd
1085 2234 1137 2271 uno
1153 2218 1186 2271 ed
1201 2234 1331 2271 summam
1342 2216 1385 2269 die
1394 2223 1459 2287 post
1469 2214 1544 2270 illum
1554 2210 1586 2263 ei·

429 2304 487 2357 vilis
500 2304 637 2358 neomenia
649 2303 797 2357 denunciari
808 2304 920 2367 solebat,
936 2309 966 2355 nt
980 2319 1015 2355 ex
1027 2301 1058 2355 R.
1067 2304 1141 2357 Mose
1152 2308 1267 2367 constet,
1284 2302 1316 2355 de
1331 2318 1383 2373 quo
1394 2300 1455 2355 vide
1471 2301 1585 2370 glossam

430 2406 486 2460 csp.
499 2408 517 2444 1.
529 2387 668 2443 Kiddnsch.
692 2389 771 2458 Atqui
782 2404 850 2441 enno
863 2374 906 2441 illo
919 2403 1008 2441 xxxiv.
1021 2389 1094 2457 cyclo
1105 2389 1183 2443 tunes
1195 2406 1261 2452 ιιι,
1277 2387 1340 2440 solis
1350 2403 1408 2451 ιι,
1424 2384 1585 2440 novilunium

428 2491 519 2529 rerum
530 2474 620 2529 incidit
630 2474 657 2527 iu
669 2474 755 2527 Martii
765 2490 814 2537 ιι.,
824 2472 893 2527 horis
905 2490 923 2523 v
934 2488 994 2526 enm
1008 2474 1102 2527 triente
1117 2474 1171 2527 iere
1182 2488 1199 2525 e
1209 2472 1296 2526 medie
1305 2478 1392 2536 nocte,
1408 2477 1471 2525 octo
1488 2467 1586 2523 circiter

429 2558 499 2613 horis
509 2565 570 2630 post
580 2558 692 2613 mediam
708 2558 918 2611 coniunctionem
932 2574 1098 2629 quaererem
1115 2558 1255 2613 entecessit
1268 2558 1297 2611 in
1312 2556 1457 2611 meridisno
1469 2556 1584 2611 Hieroso

428 2645 563 2713 lymiteno.
599 2642 682 2707 Quare
693 2643 789 2697 inueni
801 2648 841 2695 est
850 2644 926 2697 tertio
938 2644 1044 2698 demum
1054 2644 1109 2710 dis,
1126 2642 1176 2697 hoc
1191 2649 1232 2697 est
1246 2662 1293 2699 ιιι
1305 2643 1405 2709 liertii,
1421 2639 1584 2697 neomeniem

430 2744 487 2782 esse
498 2728 620 2781 defixam.

496 2811 527 2869 N.
540 2830 612 2867 xxvi.
635 2808 729 2883 Πᾶιχει
740 2810 766 2863 dl
778 2810 801 2865 is
814 2817 843 2882 τῇ
856 2813 903 2883 πρὸ
917 2812 976 2865 δέκα
988 2813 1080 2884 τριῶν]
1108 2812 1186 2867 Nolle
1197 2814 1312 2883 Srlryllee
1322 2813 1386 2867 tolie
1395 2828 1484 2882 neque
1495 2808 1584 2881 Spleiu·

429 2898 470 2969 gis
482 2898 631 2967 senumsts
647 2912 707 2949 oum
719 2912 808 2951 eornm
819 2914 886 2967 quse
897 2903 1041 2968 sequnntur
1052 2898 1208 2953 obscuritsts
1219 2898 1329 2953 conferri
1339 2902 1463 2970 possunt,
1476 2911 1544 2967 quse
1553 2906 1583 2945 ne

428 2983 472 3037 ille
484 2981 588 3053 quidem
599 2980 788 3035 eruditissimus
798 2981 997 3037 methemeticns
1009 2988 1143 3037 essecutus
1155 2990 1196 3037 est
1210 2984 1255 3054 qni
1269 2982 1338 3037 lunc
1354 2982 1457 3053 cyclum
1473 2978 1584 3035 solertis·

429 3068 494 3123 sime
505 3067 652 3151 declepevit.
685 3066 814 3138 Imprimis
826 3070 895 3123 enim
907 3068 1015 3123 Iudeeos
1027 3069 1065 3122 eit
1075 3065 1216 3138 implico,
1233 3068 1282 3122 hoc
1294 3075 1335 3122 est
1344 3067 1528 3130 trensletione‚
1542 3078 1584 3133 pe·

429 3152 492 3209 eche
502 3152 678 3221 submovisse,
694 3152 824 3209 Christum
835 3172 896 3210 vero
912 3171 1020 3227 pessum
1034 3155 1098 3208 lune
1109 3172 1161 3209 ιιι
1178 3158 1300 3225 νυκτερινῃ
1317 3153 1386 3224 pdcp.
1421 3152 1527 3223 Optime
1538 3146 1582 3202 lle

428 3241 515 3313 plerus
525 3240 616 3295 lunam
626 3238 668 3295 hio
679 3238 820 3295 Niceeusm
831 3241 972 3312 intelligit:
996 3241 1093 3295 Pessus
1109 3246 1150 3293 est
1164 3244 1264 3304 entem,
1279 3244 1309 3291 ut
1325 3238 1406 3292 credit
1415 3236 1582 3308 Epiphsnins

429 3344 486 3381 xrrr.
497 3325 555 3381 Kal.
568 3326 642 3397 ripn,
659 3326 686 3380 id
703 3333 743 3381 est
759 3328 845 3381 liertii
859 3346 903 3382 ιι.
939 3326 1019 3395 Atqui
1035 3326 1098 3379 lune
1114 3330 1171 3377 tum
1187 3323 1314 3388 Nissen,
1335 3323 1424 3377 eodem
1440 3318 1580 3393 Epiphanio

430 3420 531 3479 eutore,
549 3412 599 3466 tute
610 3430 679 3477 nnn,
697 3414 746 3467 sub
758 3428 892 3483 vesperem
902 3418 990 3465 eutem
1002 3411 1086 3481 coepit
1096 3428 1163 3474 ιιι,
1180 3424 1241 3463 cum
1251 3409 1278 3462 in
1290 3409 1363 3479 cyclo
1374 3407 1479 3462 Iudeico
1491 3406 1581 3460 sitim

430 3502 499 3550 esset
511 3514 565 3563 ιι,
577 3504 701 3566 sequente
713 3514 765 3551 rvr.
788 3496 840 3549 Sed
852 3493 906 3547 καθ’
918 3494 1049 3565 ὑπέρβασιν
1061 3495 1095 3549 eb
1105 3494 1197 3549 iisdem
1208 3512 1261 3548 ιιι
1272 3493 1343 3548 lecte
1353 3499 1405 3557 est,
1416 3508 1477 3547 cum
1487 3492 1517 3546 in
1527 3504 1581 3543 een

429 3579 527 3650 pasche
537 3581 704 3635 traiecisssnt
727 3581 822 3635 Verum
833 3578 865 3632 de
876 3578 925 3632 heo
935 3579 1078 3650 posteriore
1092 3580 1174 3650 eccipi
1188 3596 1241 3633 nou
1257 3584 1355 3650 potest,
1372 3579 1434 3648 quie
1448 3572 1580 3647 sumpsit

429 3665 502 3719 illum
513 3671 595 3719 vocet.
630 3664 732 3717 Iudaeis
743 3680 804 3717 vero
818 3670 878 3734 post
889 3662 1019 3735 μετάβασιν
1031 3682 1084 3718 ιιι
1096 3663 1171 3717 desiit
1182 3665 1208 3718 in
1220 3682 1276 3730 ιι,
1291 3663 1401 3734 ideoque
1416 3662 1467 3717 tuit
1480 3654 1580 3732 eppei

429 3766 472 3802 ιι
495 3748 562 3801 Fieri
573 3752 661 3819 potest
671 3754 700 3801 ut
711 3749 916 3802 emendationem
927 3748 969 3802 irie
980 3749 1053 3803 locus
1063 3749 1150 3819 potins
1162 3764 1242 3819 quem
1252 3748 1490 3819 interpretstionsm
1500 3743 1580 3815 requi·

428 3838 469 3888 ret
479 3833 670 3904 legendumque
681 3832 727 3887 eit:
744 3831 922 3903 τριςιαιδειάτη
936 3832 1035 3904 ἡμερινὴ
1049 3833 1126 3903 μέση,
1141 3833 1191 3887 hoc
1202 3840 1243 3887 est
1252 3834 1316 3889 lnne
1324 3851 1395 3899 ιιιι.,
1407 3825 1475 3903 qnae
1484 3832 1519 3885 eb
1527 3834 1579 3884 ortu

429 3920 492 3973 solis
503 3919 607 3990 incipit,
622 3918 738 3983 labente,
754 3918 807 3971 imo
824 3919 976 3989 μιιζούσῃ,
994 3919 1043 3973 sub
1054 3918 1189 3973 meridiem
1199 3918 1319 3973 videlicet
1329 3918 1392 3984 diei,
1409 3934 1460 3988 quo
1476 3918 1579 3971 civiliter

331 4028 404 4079 pite.
429 4023 486 4061 ιιιι.
496 4004 559 4059 lnue
569 4010 725 4059 numeretur.
760 4002 833 4068 Quod
844 4004 897 4057 nisi
907 4004 944 4057 ite
955 4011 1006 4070 est,
1016 4002 1082 4058 nilril
1092 4004 1204 4059 occurrit
1214 4002 1467 4075 eptiusqnemquod
1473 4002 1578 4073 lieplero

428 4090 538 4163 plecuit,
555 4089 681 4143 decimum
698 4094 816 4159 quartem
830 4088 970 4143 Niceenem
985 4090 1072 4143 soceri
1083 4107 1154 4154 xus,
1172 4088 1242 4159 qnod
1255 4090 1283 4143 in
1299 4104 1358 4143 eeru
1368 4094 1471 4142 noctem
1483 4087 1578 4141 denset

430 4192 509 4247 equs
519 4192 572 4229 ιιι
583 4174 686 4227 initium
698 4175 808 4245 eccspit,
826 4174 1044 4245 quemedmodum
1058 4174 1113 4229 dies
1124 4191 1275 4244 azymorum
1286 4175 1319 4229 eb
1331 4174 1499 4245 evangelistis
1508 4186 1578 4244 perer

430 4278 505 4317 scene
515 4261 573 4331 ipse
583 4256 727 4329 paschatis,
744 4261 799 4313 sive
814 4260 914 4313 decime
928 4265 1021 4330 qnnrte
1031 4260 1128 4313 mensis
1139 4260 1284 4329 eppelletnr
1294 4259 1358 4313 sess
1368 4258 1498 4329 πρόληψιν.
1532 4253 1577 4311 Sed

430 4352 485 4401 tum
499 4345 560 4417 μέση
571 4361 636 4408 vox,
648 4344 671 4397 si
682 4345 816 4399 meridiem
827 4344 968 4415 significet,
980 4360 1073 4416 peram
1084 4351 1144 4416 spts
1154 4342 1311 4400 cohaerebit,
1341 4343 1400 4399 Non
1412 4344 1482 4397 enisu
1493 4349 1534 4397 est
1542 4360 1577 4394 ur·

431 4430 523 4502 κτιρινὴ
536 4430 611 4502 μίση,
628 4445 694 4500 quse
710 4430 814 4483 nonnisi
829 4438 888 4501 post
897 4446 1032 4501 vesperem
1047 4430 1141 4500 coepit.
1173 4428 1227 4483 Sed
1242 4444 1328 4500 usqne
1341 4429 1441 4484 medios
1453 4428 1487 4483 ed
1496 4434 1577 4483 motus

430 4517 616 4571 estronomicos
632 4530 691 4569 mss
706 4516 836 4569 sententie
851 4516 966 4587 respexit
981 4514 1148 4586 Epiphenius
1182 4514 1357 4578 Quamobrem
1373 4513 1403 4567 τὸ
1415 4513 1477 4585 pico
1492 4514 1576 4569 sbseet

430 4616 476 4671 per
486 4618 529 4653 ms
541 4600 644 4671 quidem
655 4604 747 4671 potest

497 4684 639 4756 Προέλαβον
651 4682 712 4757 γὰρ,
725 4685 765 4737 eui
775 4680 887 4756 ipcpeu]
921 4685 1027 4745 liicille
1040 4685 1125 4739 nodus
1142 4692 1183 4741 est
1192 4684 1380 4757 propemodum
1388 4684 1576 4747 inextricabilis,

431 4785 509 4841 quens
520 4772 685 4825 acutissimus
696 4771 739 4825 ille
749 4768 945 4825 mathematicus
955 4785 1008 4824 nou
1020 4770 1145 4825 dissolvit.
1168 4771 1212 4825 Sic
1224 4772 1293 4827 enim
1304 4772 1498 4841 interpreteturs
1511 4768 1575 4824 ceri·

431 4862 486 4911 stus
498 4870 557 4907 cnm
569 4854 670 4911 ludeeis
684 4854 837 4927 quibusdem
854 4854 952 4924 pescle
966 4856 1032 4909 obiit
1041 4856 1103 4909 lune
1115 4856 1218 4911 iudaice
1228 4857 1322 4911 vitiose
1332 4874 1385 4911 ιιι
1396 4863 1522 4922 exeunte,
1537 4854 1576 4908 lli·
