3650 5642
1278 641 1388 701 oeevn

227 800 256 855 in
267 799 420 855 Annalibus
434 799 532 856 becles.
544 799 578 854 ad
591 815 690 854 annum
700 817 774 855 ιιιιι
791 804 847 853 tum
859 799 892 853 ab
904 799 974 864 aliis,
992 799 1036 870 qui
1053 797 1176 854 aduersus
1192 797 1311 854 haereses
1328 799 1389 854 sori·

228 893 347 956 pserunt,
360 885 396 939 ad
406 886 475 940 idem
486 893 668 957 argumentum
679 886 809 956 disputata
818 886 938 956 reperies.

295 973 487 1043 Δευτιρόγαμοι
499 971 526 1023 bi
537 970 582 1023 oda
594 967 670 1032 ἔξεστι
681 970 814 1041 δέχεσθαι]
840 970 965 1040 Digamus
975 987 1028 1024 nou
1040 971 1126 1024 solum
1137 971 1170 1024 ab
1182 969 1322 1042 episcopali
1333 987 1390 1023 mu-

230 1071 297 1120 nere,
309 1056 362 1109 sed
374 1058 451 1110 etiam
463 1073 480 1110 a
490 1057 570 1110 saeris
581 1057 703 1110 omnibus
714 1055 847 1110 ordinibus
858 1056 980 1109 exclusos
992 1055 1071 1108 inisse
1082 1062 1214 1126 perpetuo,
1226 1057 1270 1126 qui
1281 1056 1390 1126 probare

229 1142 301 1206 raiit,
317 1142 344 1194 is
359 1143 414 1196 otio
426 1148 452 1195 et
462 1141 551 1195 charta
561 1143 761 1212 intemperanter
772 1142 900 1194 abutatur.
926 1141 964 1194 De
976 1141 1104 1210 episcopis
1115 1142 1187 1195 locus
1199 1147 1239 1194 sat
1250 1141 1359 1212 apostoli
1370 1159 1389 1196 1.

229 1226 293 1281 iim.
307 1245 369 1281 mar
397 1227 500 1298 Oportet
515 1233 657 1297 episcopum
674 1245 727 1280 ease
741 1229 815 1279 unius
829 1229 917 1279 aroris
931 1230 1024 1289 esiam
1041 1225 1110 1296 quod
1126 1225 1194 1280 idem
1211 1231 1238 1280 et
1253 1227 1287 1280 ad
1303 1227 1391 1280 'l'itum

230 1313 471 1384 cap.r.,‘1.repetia
489 1311 588 1376 Quibus
598 1313 626 1366 in
637 1312 701 1366 locis
709 1311 779 1365 Besa
794 1317 821 1364 et
831 1309 953 1364 baeretici
964 1327 1067 1377 omnes,
1082 1312 1233 1382 praesertim
1246 1312 1391 1365 bdolinsous

230 1395 256 1447 in
266 1395 342 1450 isset
354 1395 449 1463 Scuto,
460 1414 508 1451 nec
518 1414 572 1451 non
583 1404 610 1450 et
619 1398 817 1450 iurisconsultus
827 1397 871 1450 iila
882 1411 961 1467 supra
971 1394 1096 1450 refutatus
1108 1397 1224 1462 anobis,
1236 1395 1267 1450 de
1279 1397 1391 1467 digamis

230 1481 278 1533 iiiia
289 1482 446 1552 apostolum
455 1484 662 1554 interpretantur,
678 1483 723 1552 qui
734 1483 799 1535 citra
807 1482 953 1552 legitimam
965 1497 1096 1547 caussam,
1112 1481 1161 1535 hoo
1176 1487 1216 1535 est
1231 1489 1333 1553 praeter
1347 1481 1392 1535 ad·

230 1565 315 1620 alterii
328 1567 448 1638 cuipam,
464 1568 599 1638 repudiata
610 1569 721 1638 coniuge
732 1568 839 1620 alteram
854 1567 996 1620 duxissent.
1022 1567 1118 1620 Verum
1129 1568 1232 1620 mmetsi
1244 1568 1293 1622 hoo
1304 1569 1392 1638 ipsum

231 1649 399 1719 digamorum
408 1668 492 1722 genus
501 1653 592 1706 eodem
601 1654 713 1724 apostoli
721 1652 822 1706 decreto
835 1649 1066 1722 comprehenditur,
1078 1651 1292 1706 absurdissimum
1303 1658 1391 1706 tamen

230 1741 335 1789 estnon
348 1753 396 1790 eos
408 1753 511 1808 quoque
522 1739 649 1791 contineri
660 1737 775 1803 credero,
793 1738 838 1808 qui
853 1753 936 1790 uxore
953 1741 1057 1790 mortua
1073 1737 1151 1790 aliam
1165 1737 1227 1802 sibi,
1245 1743 1271 1790 et
1288 1737 1391 1808 quidem

231 1821 392 1889 legitimam,
410 1823 548 1893 coniugem
562 1823 724 1878 adsciverint.
750 1823 789 1876 De
801 1838 852 1893 quo
864 1821 1098 1875 luculentissimum
1109 1821 1158 1876 hoc
1169 1823 1196 1876 in
1206 1823 1264 1876 loco
1275 1823 1391 1876 testimo·

231 1906 302 1957 nium
312 1903 400 1959 habes
408 1905 558 1978 Epiphanii,
570 1925 617 1962 nec
627 1925 681 1962 non
692 1915 718 1962 et
728 1909 756 1961 in
767 1906 936 1962 catharorum
947 1905 1018 1962 haer.
1028 1925 1081 1960 ιιι.
1092 1923 1164 1960 num.
1174 1925 1209 1962 ιι.
1237 1905 1288 1961 Ubi
1299 1907 1391 1961 diserte

233 1997 309 2060 negat
320 2007 414 2045 sacros
425 1991 459 2045 ad
470 1991 573 2046 ordines
583 1994 658 2047 illum
669 1993 761 2064 recipi,
773 1993 818 2063 qui
828 1993 913 2063 priore
925 1993 1035 2062 coniuge
1046 1999 1150 2046 mortua
1160 1994 1268 2047 alteram
1279 1992 1390 2048 duxerit.

233 2073 303 2138 Quod
315 2077 385 2131 adeo
394 2093 485 2130 rerum
497 2083 544 2143 est,
555 2085 584 2131 ut
594 2095 628 2132 ne
635 2079 726 2132 Ariani
736 2078 839 2149 quidem
851 2083 941 2131 contra
952 2093 1116 2131 communem
1126 2079 1199 2132 illam
1209 2084 1392 2150 receptamque

234 2161 450 2216 consuetudinem
457 2163 545 2217 venire
556 2165 614 2216 ausi
624 2163 727 2217 inerint.
746 2162 813 2216 Nam
823 2163 851 2215 in
862 2162 1042 2216 Ebionitarom
1052 2161 1153 2217 haeresi
1161 2181 1223 2218 ιιι.
1234 2181 1306 2218 num.
1315 2183 1339 2217 v.
1352 2165 1391 2218 lo-

234 2245 326 2315 sopbus
339 2247 450 2313 Oomes,
467 2249 639 2314 cambdeni,
656 2253 687 2302 ut
703 2248 735 2301 ad
750 2255 836 2319 partes
848 2263 909 2301 suas
925 2249 998 2301 iilum
1014 2246 1156 2314 traherent,
1173 2249 1351 2320 episcopatum
1368 2249 1392 2304 ei

234 2332 474 2398 pollicerenturque
489 2334 586 2387 inritus
603 2334 704 2387 abillis
722 2333 889 2398 ordinaretur,
904 2335 990 2403 priore
1006 2333 1116 2403 coniuge
1134 2332 1254 2387 deiuncta
1264 2335 1391 2388 secundas

235 2417 335 2486 nuptias
346 2417 417 2471 iniit
434 2415 585 2481 Quaesitum
597 2419 659 2472 oiim
669 2418 728 2484 init,
741 2425 829 2471 utrum
841 2420 957 2488 quiante
969 2418 1127 2488 baptismum
1138 2419 1276 2490 coniugem
1286 2418 1392 2472 babuis-

235 2507 282 2566 set,
298 2501 425 2573 digamus
441 2503 567 2557 eiusmodi
578 2509 726 2557 censeretur
737 2504 781 2574 qui
792 2503 825 2556 ab
837 2503 1017 2556 ecclesiasticis
1029 2501 1161 2556 ordinibus
1173 2509 1310 2557 arceretur.
1335 2501 1394 2568 Qua

236 2584 265 2637 de
277 2603 307 2639 rs
322 2603 420 2658 parum
435 2589 577 2659 probabilis
592 2589 745 2659 Hieronymi
759 2589 887 2641 sententia
903 2593 976 2641 extat
986 2588 1013 2641 iu
1025 2588 1106 2660 Epist.
1119 2589 1152 2642 ad
1163 2590 1308 2655 Oceanum,
1326 2605 1391 2658 quae

236 2677 271 2722 est
281 2689 397 2727 ιιιιιιι.
423 2673 471 2727 Gai
486 2675 616 2728 contraria
632 2681 673 2728 est
683 2674 824 2744 Augustini
839 2674 884 2728 lib.
896 2673 928 2726 de
940 2671 1013 2726 Bnno
1026 2673 1146 2746 Coniugii
1160 2691 1215 2746 cap.
1228 2692 1311 2738 rena,
1329 2674 1392 2728 alio·

238 2773 342 2828 rumque
353 2763 459 2830 patrum
471 2760 571 2829 opinio,
582 2761 624 2813 eui
636 2760 810 2814 ecclesiastica
820 2757 924 2812 baditio
936 2775 965 2812 ac
977 2759 1136 2814 consuetudo
1148 2759 1312 2830 suffragatur.
1335 2758 1393 2824 Qos

237 2840 265 2893 de
274 2859 301 2895 re
307 2843 443 2897 Valentini
454 2844 567 2909 concilii,
585 2844 654 2915 quod
665 2845 714 2898 sub
726 2845 839 2898 Damaso
851 2844 1009 2898 celebratum
1022 2849 1068 2911 est,
1081 2844 1170 2899 Canon
1180 2847 1279 2916 primus
1291 2845 1329 2898 ita
1339 2851 1391 2898 sta·
1418 2865 1439 2905 p.
1449 2853 1492 2895 tes.

236 2927 292 2979 tuit:
314 2928 361 2982 Uti
372 2931 471 2997 donne*
480 2931 669 2983 reordinentur
680 2931 780 2993 elerici,
793 2935 894 2983 etiamsi
903 2933 1010 2998 peutiies
1021 2931 1105 2984 adbuc
1118 2932 1168 2984 boo
1179 2949 1205 2984 se
1215 2933 1328 3001 infelicis
1337 2949 1391 2984 sor·

238 3017 267 3061 ris
275 3017 429 3067 maritate
442 3015 635 3070 maculaverint.
657 3015 723 3068 Vide
738 3015 824 3068 Innoc.
836 3033 855 3069 1.
872 3015 955 3086 Epist.
967 3033 995 3070 rr.
1013 3031 1069 3086 cap.
1080 3033 1115 3068 ιι.
1144 3015 1211 3079 Quin
1229 3021 1255 3068 st
1270 3015 1391 3070 Zosimus

238 3111 301 3167 papa
311 3100 390 3170 epist
400 3117 418 3152 ι.
427 3115 482 3153 non
493 3099 570 3153 modo
582 3100 745 3170 episcopum,
757 3099 949 3153 subdiaconum
960 3115 990 3152 ac
1002 3099 1201 3165 subdiaconum,
1213 3099 1259 3153 sed
1269 3118 1303 3154 ne
1314 3102 1391 3155 leoto-

238 3191 286 3234 rem
298 3184 419 3255 quidem
436 3189 481 3238 aut
496 3185 651 3238 exorcistam
667 3184 724 3238 fieri
734 3185 831 3256 patitur
842 3199 902 3236 eum
915 3185 959 3253 qui
969 3183 1062 3236 viduae
1074 3185 1108 3237 sit
1118 3185 1235 3238 maritus.
1260 3183 1347 3240 Redeo
1359 3187 1391 3239 ad

239 3270 345 3335 apostob
355 3269 444 3322 iocum
454 3270 530 3323 illum
541 3289 559 3324 ι.
572 3270 605 3322 ad
616 3271 683 3324 him.
696 3287 735 3324 ιιι.
761 3269 855 3334 Quem,
870 3269 910 3323 uti
921 3267 988 3333 diri,
1003 3285 1056 3321 non
1071 3269 1221 3339 negandum
1237 3269 1321 3323 estad
1332 3271 1391 3324 illos

239 3354 362 3418 pertinere
374 3370 476 3424 quoque
489 3355 606 3425 digamos
618 3356 663 3426 qni
673 3353 808 3425 repudiata
817 3359 950 3424 utcunque
967 3354 1079 3424 coniuge
1094 3369 1175 3408 novas
1192 3355 1296 3426 nuptias
1313 3371 1391 3426 copu-

240 3435 321 3504 larint,
339 3455 394 3510 quo
406 3457 485 3493 sensu
497 3439 697 3509 Chrysostomus
707 3440 889 3510 interpretatus
901 3444 949 3493 est.
975 3439 1024 3503 Qui
1036 3440 1128 3510 etipse
1139 3445 1226 3493 tarum
1238 3441 1342 3494 alterius
1355 3441 1392 3494 di·

241 3535 374 3588 gomorum
390 3525 504 3594 generis,
521 3531 547 3578 et
564 3525 668 3595 quidem
685 3539 774 3578 eorum
792 3525 837 3594 qui
851 3529 911 3596 post
927 3525 1043 3595 priorum
1060 3525 1159 3578 obitum
1172 3525 1235 3579 alias
1247 3525 1391 3592 duxissent,

242 3609 361 3662 meminit.
393 3607 459 3671 Τινὲς
477 3609 516 3679 δὲ,
533 3611 629 3680 inquit,
644 3610 685 3661 bo
702 3607 728 3661 ia
745 3611 800 3679 μιᾶς
815 3609 929 3680 γυναικὸς
941 3605 969 3681 ᾖ,
988 3609 1046 3680 paui
1058 3613 1132 3662 τοῦτο
1143 3607 1260 3680 sipisim:
1281 3611 1392 3673 Quidum

241 3692 291 3744 ideo
302 3695 398 3747 &ctum
411 3694 458 3746 icc
469 3696 502 3747 ob
514 3697 625 3765 apostolo
635 3706 740 3759 censent,
752 3703 781 3746 ot
791 3695 823 3746 ab
835 3713 887 3746 aaa
897 3713 975 3748 uxore
986 3699 1020 3747 sit
1031 3697 1144 3765 (mortua
1155 3697 1271 3767 scilicet).
1290 3695 1391 3752 Clarius
1503 3713 1509 3722 ·

242 3775 411 3832 incomment.
424 3779 690 3844 ad'iitumidom.11.,
706 3780 752 3833 ubi
768 3794 887 3832 caussam
905 3779 971 3833 hano
988 3781 1144 3851 apostolicae
1156 3783 1297 3836 sanctionis
1309 3781 1391 3836 affert

242 3856 269 3910 ‘0
278 3861 324 3933 γὰρ
335 3863 398 3933 πρὸς
408 3862 453 3931 τὴν
464 3860 616 3917 ἀπελθοῦσαν
628 3864 747 3935 μηδεμίαν
760 3862 866 3933 φυλάξας
878 3863 971 3917 εὔνοιαν
983 3869 1036 3926 πῶς
1053 3862 1080 3918 ἄν
1093 3859 1164 3926 οὗτος
1177 3867 1271 3937 γένοιτο
1283 3867 1392 3939 προστά-

243 3959 279 4011 τις
296 3949 386 4010 erade:
426 3948 478 4010 Qos‘
493 3951 627 4018 diffractos
642 3955 718 4002 orosi
734 3951 927 4003 benevolentiam
945 3951 1039 4003 nattam
1055 3969 1171 4004 sonasse
1189 3953 1392 4022 deprehenditur,

242 4049 340 4098 penora
347 4043 429 4106 pacto
441 4033 484 4086 bic
495 4035 618 4087 ecclesiae
625 4053 747 4105 proeesse
754 4039 867 4105 poterit?
883 4033 1050 4087 Ἀπελθοῦσαν
1061 4036 1174 4105 appellat
1184 4043 1326 4104 momorum,
1338 4057 1391 4094 nou

244 4131 294 4170 nm
309 4135 377 4190 quae
393 4121 531 4189 repudiato
548 4123 673 4184 discessit,
690 4126 721 4173 ut
736 4119 853 4190 imperite
869 4119 1068 4173 iurisconsultus
1084 4119 1167 4172 uertit.
1196 4119 1263 4176 Nam
1280 4130 1306 4176 et
1322 4123 1391 4194 apud

243 4199 458 4276 'ibeopbyiactum
474 4203 565 4257 eadem
577 4203 754 4275 chrysostomi
768 4206 848 4258 rerba
863 4205 900 4258 ita
915 4204 1066 4258 redduntur:
1095 4203 1147 4264 Qui
1157 4209 1222 4258 enim
1233 4209 1328 4260 nullom
1338 4227 1391 4262 aer·

243 4295 307 4340 scuit
316 4291 510 4343 benevolentium
523 4309 585 4359 erpo
597 4309 653 4343 eom
664 4309 728 4360 quoe
739 4291 801 4343 obiit
811 4303 857 4345 eto.
883 4289 966 4353 Quare
982 4288 1109 4358 posterius
1125 4287 1188 4341 illud
1204 4305 1233 4343 ac
1245 4291 1391 4362 legitimum

245 4371 399 4441 digamorum
416 4389 500 4445 genus
517 4376 550 4428 ab
568 4377 709 4446 apostolico
726 4375 771 4428 ilio
789 4375 889 4428 decreto
906 4389 1040 4443 nunquam
1055 4372 1254 4444 chrysostomus
1271 4379 1390 4432 exclusit

245 4451 307 4512 Unus
318 4459 508 4525 Theudoretus,
526 4461 595 4530 quod
605 4460 680 4514 vaide
696 4460 784 4526 miror,
801 4461 870 4514 solos
888 4459 1018 4530 digamos,
1036 4459 1081 4529 qui
1097 4461 1183 4530 piures
1200 4460 1278 4515 simul
1294 4479 1390 4516 mores

246 4537 370 4611 haberent,
388 4546 422 4599 ab
440 4547 557 4616 apostolo
574 4545 721 4617 repudiatos
738 4547 834 4599 sentire
849 4545 957 4598 uidetur.
991 4543 1021 4596 In
1042 4561 1092 4614 quo
1113 4543 1255 4599 audiendus
1271 4561 1325 4600 non
1342 4555 1390 4614 est,

246 4629 369 4701 multoque
386 4631 474 4683 minus
490 4629 624 4696 haeretici,
641 4631 680 4683 uti
696 4629 766 4684 Rosa
781 4632 927 4702 caeterique
945 4629 1032 4699 quiin
1050 4631 1198 4700 apostolicis
1215 4631 1300 4686 uerbis
1316 4651 1390 4705 prae·

247 4719 337 4781 mptum
349 4715 476 4769 contineri
485 4721 591 4785 putant,
608 4715 676 4786 quod
690 4716 791 4769 nullum
808 4715 842 4768 ad
853 4718 1041 4787 episcopatum,
1059 4715 1110 4769 nisi
1126 4731 1208 4770 uxore
1225 4713 1314 4786 ducta,
1330 4736 1389 4792 pro·

247 4801 333 4854 moveri
342 4800 484 4872 permittat.
507 4799 580 4864 Quod
590 4799 741 4856 iamdudum
751 4799 959 4872 'i'heophylactus
970 4799 1070 4854 refellit.

1146 4901 1187 4959 o·
