3650 5642
454 605 611 667 cunum

455 765 585 819 stitiosam
595 762 674 817 nimis
685 760 864 815 credulitatem
874 758 1053 817 disamnimus.
1087 758 1162 815 Nunc
1177 760 1260 827 aliud,
1276 758 1345 831 quod
1356 760 1493 815 institutae
1503 759 1601 831 disputa

454 851 533 903 tionia
545 849 630 917 magia
641 847 774 919 proprium
785 852 838 913 eet,
855 847 884 901 in
894 847 987 901 Mem
999 847 1070 901 Actis
1082 846 1238 901 notabimus.
1263 845 1377 901 censam
1389 846 1463 901 euim
1473 847 1520 900 illa
1531 846 1601 915 aequi·

453 936 571 989 noctium
585 952 646 987 axv.
658 933 746 985 biartii
761 932 833 997 fieri,
853 949 905 1002 quo
925 931 989 985 haee
1008 932 1247 1003 pronunciabantur
1266 938 1397 1003 tempore,
1419 930 1471 985 hoc
1489 936 1530 983 est
1547 946 1602 983 anno

454 1018 550 1073 Christi
561 1033 688 1071 ccacvrrr.
712 1016 787 1081 Quod
798 1034 877 1088 quam
887 1017 956 1070 ialso
968 1016 1093 1071 creditum
1111 1018 1158 1085 sit,
1173 1018 1215 1071 rel
1232 1017 1430 1071 obseruationes
1446 1017 1520 1089 ipsae
1534 1014 1603 1069 Ptole

452 1104 522 1157 maci
532 1120 563 1156 ac
576 1102 773 1157 mathematicae
784 1103 889 1156 tabulae
901 1102 1091 1167 demonstrant,
1108 1118 1141 1155 ex
1159 1102 1253 1172 quibua
1267 1108 1358 1157 notum
1370 1108 1412 1157 aet
1424 1100 1604 1172 aequinoctium

453 1194 515 1241 tunc
526 1189 554 1241 in
564 1206 645 1253 xxm,
660 1189 713 1242 imo
726 1189 806 1241 etism
817 1206 871 1243 aar.
882 1187 1013 1241 incidisse.
1047 1186 1099 1241 Sed
1115 1185 1164 1241 hoo
1179 1204 1232 1241 non
1249 1204 1340 1258 urgeo.
1374 1188 1443 1241 Esto
1460 1204 1522 1241 aar.
1532 1184 1604 1239 llartii

452 1273 508 1326 dies
519 1274 686 1343 aequinoctii.
717 1274 772 1327 lam
784 1274 842 1343 quia
854 1272 1070 1327 absurdissimum
1087 1289 1144 1326 esee
1161 1279 1187 1327 et
1203 1273 1394 1327 ecclesiastieae
1412 1272 1563 1343 disciplinae
1574 1286 1604 1321 re

451 1374 569 1429 pugnare
580 1374 634 1413 non
644 1358 726 1423 ridet,
742 1358 812 1429 quod
826 1358 863 1411 illi
879 1358 1007 1424 sciscunt,
1023 1356 1120 1429 pascha
1135 1358 1219 1411 triduo
1237 1364 1298 1411 ante
1314 1358 1514 1429 aequinoctium
1524 1355 1604 1409 indicii

451 1443 533 1497 Vetas
543 1449 585 1497 est
596 1460 692 1509 canon,
704 1445 749 1514 qui
758 1444 825 1497 inter
836 1442 992 1513 apostolicos
1003 1443 1125 1497 relertnn
1138 1442 1167 1495 et
1176 1461 1209 1505 τις
1219 1442 1394 1514 πρεσβύτερος,
1407 1443 1425 1511 ἦ
1439 1439 1560 1509 διίιιιανος,
1571 1438 1605 1503 τὴν

452 1526 523 1597 ἁγίαν
535 1533 579 1581 τοῦ
591 1526 677 1600 πάσχα
687 1527 779 1599 ἡμέραν
791 1527 839 1597 πρὶν
851 1530 893 1594 τῆς
905 1524 1007 1597 είαρινῆς
1019 1526 1142 1599 ἰσημερίας
1154 1527 1215 1599 μετὰ
1226 1526 1352 1579 Ἰουδαίων
1370 1526 1518 1595 iactatae,
1535 1524 1605 1577 aalm-

452 1614 547 1684 paiedro.
571 1614 656 1679 Quare
667 1613 812 1684 deponendi
821 1618 908 1683 patres
921 1630 1011 1687 omues
1022 1614 1060 1667 illi
1071 1612 1187 1680 fuerunt,
1204 1614 1228 1667 si
1238 1630 1298 1667 rere
1308 1615 1521 1685 pronunciatum
1531 1610 1605 1680 aequi·

450 1700 566 1753 noctium
576 1700 604 1753 in
615 1717 678 1754 aaa.
688 1699 775 1753 Martii
785 1698 851 1751 lieri

519 1786 556 1838 Ac
571 1802 605 1839 ne
620 1784 684 1837 satia
701 1782 806 1854 quidem
824 1792 945 1838 accurate
961 1782 1025 1839 mihi
1041 1782 1171 1855 paschalis
1187 1785 1312 1841 terminus
1329 1802 1376 1857 per
1389 1784 1461 1839 illud
1472 1780 1603 1853 tempnsin

450 1888 505 1925 aaa
518 1870 606 1923 Martii
621 1870 721 1939 positus
738 1868 846 1925 ridetur.
882 1868 986 1923 Etenim
1002 1886 1072 1923 anno
1090 1868 1186 1925 Christi
1196 1886 1256 1925 coo.
1273 1888 1306 1923 ex
1317 1870 1488 1941 Alphonsina
1497 1864 1603 1923 methodo

350 1976 373 2019 p
380 1964 426 2011 tat.
450 1955 643 2025 aequinoctium
654 1954 682 2007 in
693 1955 776 2007 noctia
794 1954 898 2009 initium
913 1955 994 2021 cadit,
1011 1953 1061 2009 boc
1076 1961 1115 2009 est
1131 1954 1222 2009 horam
1234 1974 1280 2011 ru.
1299 1972 1315 2008 a
1331 1956 1442 2009 meridie
1454 1974 1523 2021 aaa,
1538 1954 1569 2007 ite
1581 1959 1603 2001 nt

451 2041 577 2111 spatium,
593 2056 640 2110 per
651 2038 720 2110 quod
732 2046 891 2105 excurreret,
902 2040 981 2095 inerit
992 2058 1057 2095 nan.
1068 2040 1156 2093 Martii
1167 2040 1229 2096 dies.
1260 2041 1366 2095 Rectim
1377 2042 1463 2111 igitur
1474 2038 1567 2112 pascha
1576 2034 1603 2087 ti·

451 2126 544 2179 timum
559 2125 587 2179 in
602 2142 678 2179 nans.
693 2126 780 2179 Martii
795 2124 900 2179 haerere
916 2125 1012 2196 potnit,
1033 2126 1078 2179 nbi
1099 2131 1124 2179 et
1139 2126 1275 2179 Anatolius
1298 2126 1392 2196 aliique
1409 2126 1602 2181 constituerunlt

452 2226 517 2281 qnos
529 2209 672 2264 Nicaennm
684 2212 822 2265 concilium
833 2215 926 2281 postea
937 2216 1054 2265 secutrm
1066 2210 1230 2281 usurpandae
1242 2212 1380 2265 uetustatis
1394 2213 1544 2282 gratiam
1555 2206 1602 2276 qui·

452 2295 511 2349 dem
527 2296 644 2349 citimum
659 2296 769 2367 pascha,
785 2295 832 2350 sed
846 2297 909 2350 anni
924 2295 1002 2367 primi
1018 2298 1059 2362 τῆς
1075 2293 1350 2367 ίννιακαιδινιαατηρίδος
1366 2296 1475 2351 initium
1486 2292 1600 2350 wdemt'fl

451 2380 496 2433 illo
508 2380 548 2434 die
560 2399 636 2436 xxm.
646 2382 758 2451 reliquit.
792 2380 850 2435 lion
861 2382 930 2435 male
942 2380 1023 2451 igitur
1033 2378 1158 2435 hactenus
1176 2398 1282 2452 operam
1297 2382 1449 2453 posuimus,
1467 2382 1512 2453 qui
1525 2385 1548 2431 et
1561 2392 1600 2429 ne

451 2466 608 2521 bilissimum
622 2466 735 2520 Anatolii
748 2466 927 2535 fragmentum
943 2465 1064 2537 idemque
1078 2466 1265 2537 perobscurum
1280 2466 1417 2537 diligenter
1433 2465 1600 2539 exposuimffi·

452 2556 479 2604 et
489 2552 523 2605 ab
535 2551 640 2621 egregio
651 2552 868 2621 sanctissimoque
878 2557 952 2621 patre
963 2558 1017 2606 tam
1028 2552 1160 2623 insignem
1171 2552 1329 2607 calumniam
1345 2558 1423 2623 atque
1433 2554 1554 2609 minnan
1563 2546 1598 2599 dt

450 2636 574 2707 pulimaa.
608 2634 665 2698 Qua
681 2635 709 2687 in
724 2636 876 2706 quaestione
892 2638 1117 2707 controversiaque
1134 2636 1300 2708 disceptanda
1316 2638 1450 2709 longiores
1463 2656 1511 2695 noa
1522 2634 1598 2693 fuisit

450 2736 535 2790 neque
547 2735 596 2772 noe
609 2719 695 2788 ipsos,
713 2721 757 2789 qni
773 2721 800 2773 id
815 2723 962 2777 necessario
979 2722 1100 2788 ieolmua,
1116 2723 1247 2795 poenitere
1264 2724 1396 2791 conuenit,
1411 2740 1499 2797 neque
1514 2716 1597 2779 lectori,

452 2804 495 2859 cui
505 2804 653 2858 consultum
663 2804 792 2857 voluimus
803 2805 945 2877 displicere.

413 2913 417 2920 ,
518 2886 554 2941 'll
566 2905 601 2949 τις
611 2884 723 2958 ίρττίρται
735 2885 774 2939 ou
785 2886 846 2941 ἐτῶν
857 2894 950 2959 τριῶν]
973 2891 1099 2963 Keplerus
1110 2886 1126 2965 ᾖ
1138 2910 1182 2946 τινι
1193 2894 1265 2965 legit.

519 2972 565 3025 liei
581 2968 658 3034 ἄλλας
675 2969 795 3035 261’3105
810 2972 928 3044 ῖὲσῦαρας
944 2974 1029 3047 ὥρας’]
1064 2976 1216 3033 Cuiusmodi
1232 2998 1270 3034 arr
1286 2986 1389 3035 oomtst
1403 2978 1433 3033 ah
1449 2978 1595 3053 wqtlpuov.

451 3059 519 3115 Nam
529 3058 594 3113 hora
603 3059 672 3129 apud
682 3056 857 3129 Epiphaniam
867 3060 933 3115 duae
945 3069 1006 3116 aunt
1016 3064 1220 3134 aequinoctiales
1231 3063 1318 3121 horae.

519 3144 560 3207 Ὦς
572 3138 632 3197 εἶναι
643 3141 675 3206 εἰς
686 3143 717 3197 τὰ
728 3143 784 3216 τρία
794 3140 856 3213 ἔται]
879 3144 943 3199 Vide
955 3164 1021 3219 qnae
1033 3150 1150 3221 superins
1162 3150 1350 3207 adnotavimus.

519 3231 563 3283 Δίο
575 3228 633 3301 παρ’
646 3229 728 3292 αὐτοῖς
741 3230 913 3301 πίντενῆνες]
948 3232 1099 3289 causativa
1112 3236 1162 3290 ista
1172 3236 1299 3307 partionis
1310 3252 1388 3307 segre
1399 3252 1459 3291 cnm
1471 3228 1594 3306 superiori-
1611 3264 1612 3269 κ

452 3318 501 3373 bus
513 3316 642 3371 cohaeret.
658 3315 735 3369 Forte
746 3316 816 3370 idern
828 3316 947 3387 estquod
960 3318 1020 3370 διότι
1028 3319 1069 3374 rel
1080 3316 1129 3391 to,
1141 3338 1188 3375 nco
1199 3320 1325 3375 interanei
1336 3322 1389 3375 vim
1400 3320 1492 3389 habet,
1504 3318 1546 3375 sed
1555 3330 1592 3369 ην

452 3420 512 3458 ram
522 3402 680 3457 sententiam
689 3401 807 3467 inchoat,
823 3416 877 3471 qna
893 3420 947 3457 arv.
959 3418 1085 3457 annornm
1097 3406 1183 3475 cyclne
1195 3408 1339 3477 exponitur.
1362 3407 1436 3473 Quod
1447 3410 1472 3463 si
1481 3405 1592 3462 illatium

451 3506 509 3542 ease
518 3490 610 3554 mavis,
619 3488 652 3541 ad
661 3486 838 3540 antecedentia
846 3486 992 3555 pertinebit
1009 3486 1074 3543 Nam
1084 3491 1145 3559 qnia
1152 3490 1250 3545 lunaria
1258 3508 1343 3547 annua
1352 3492 1406 3547 dics
1413 3491 1493 3549 habet
1501 3500 1591 3547 uocum
1610 3504 1611 3512 ¹

450 3572 483 3626 fit
493 3580 523 3625 ut
533 3574 608 3627 tertio
620 3578 646 3625 et
656 3576 733 3624 sexto
744 3586 813 3623 anno
824 3570 923 3639 singuli
933 3588 1050 3637 menses,
1065 3578 1091 3625 et
1104 3574 1132 3627 in
1142 3582 1224 3629 totum
1235 3595 1279 3631 arv
1290 3578 1366 3633 annis
1377 3578 1492 3649 quinque
1502 3584 1592 3631 merset

450 3656 641 3720 immoriantur,
658 3655 728 3725 qnod
744 3672 772 3707 ar
784 3653 875 3707 diebus
889 3656 982 3709 solaris
994 3672 1078 3711 annus
1089 3657 1205 3714 lunarem
1216 3668 1327 3733 superet.
1350 3662 1486 3734 Utcunque
1497 3664 1541 3723 sit,
1556 3670 1592 3711 ¹¹¹

451 3756 580 3793 annorum
590 3740 693 3809 cyclum
703 3738 817 3793 indicare
825 3738 933 3805 ridetur,
945 3741 972 3793 in
984 3759 1035 3812 quo
1047 3742 1120 3813 quini
1131 3761 1233 3800 menses
1244 3746 1399 3806 inseruntur.
1416 3748 1468 3803 Sed
1480 3755 1560 3803 ntmu
1569 3742 1590 3793 ll
1609 3718 1610 3748 ί

451 3842 502 3879 τινα
516 3826 621 3896 politico
637 3826 788 3879 obseruatus
804 3824 848 3879 ille
864 3826 954 3895 cyclus
969 3826 1059 3891 inerit,
1079 3844 1114 3881 an
1136 3846 1214 3900 penes
1231 3832 1380 3902 synedrium
1396 3840 1510 3889 retentus
1529 3838 1552 3885 et
1565 3822 1591 3877 ed

450 3908 602 3967 methodum
613 3910 801 3973 conformatur,
819 3926 879 3964 oum
894 3912 1031 3981 plenorum
1047 3929 1218 3985 cavornmque
1230 3918 1357 3973 mensium
1368 3926 1493 3991 perpetua
1503 3926 1589 3973 summ·
1608 3920 1609 3984 l

452 3998 525 4052 sione
536 3997 682 4051 communis
694 4012 777 4049 annm
789 3996 958 4063 evolveretur,
970 4004 1048 4053 antea
1058 3998 1239 4057 dubitavimus.

519 4081 564 4133 Διὰ
574 4082 604 4133 rb
615 4080 766 4153 cipasptichac
777 4078 825 4133 durh
838 4086 882 4133 τοῦ
893 4080 1017 4151 ἡλιακοῦ]
1041 4083 1093 4139 Gur
1108 4102 1153 4139 xlv
1164 4101 1291 4141 annorum
1307 4088 1369 4143 urhe
1381 4091 1530 4146 neomeniae
1539 4100 1587 4141 tun·

452 4170 538 4223 cluam
554 4167 618 4231 sint,
635 4183 756 4221 caussam
770 4167 821 4221 ista
835 4166 956 4234 reddunt,
972 4168 1018 4222 sed
1032 4186 1078 4240 pro
1090 4170 1162 4225 raris
1173 4172 1239 4241 cycli
1250 4172 1416 4243 dispositione
1427 4166 1588 4237 diremtum
1607 4126 1608 4220 ί

450 4261 541 4327 poteat
565 4250 618 4305 llos
630 4250 725 4322 duplici
736 4254 835 4307 ratione
845 4254 948 4322 cyclum
960 4254 1084 4325 explicari
1094 4272 1171 4326 pocae
1183 4256 1305 4313 diximus.
1326 4257 1413 4315 Prima
1424 4266 1476 4327 est,
1488 4268 1517 4315 ut
1526 4254 1587 4313 enuit
1606 4310 1607 4333 ρ

450 4340 583 4395 lunaribus
594 4337 709 4408 praeciae
720 4338 827 4391 nocenti
838 4346 864 4391 et
874 4339 1065 4409 quinquaqinta
1075 4348 1185 4411 quatuor
1199 4342 1265 4409 dies,
1281 4340 1360 4397 borae
1377 4352 1435 4399 octo
1450 4346 1586 4401 binomine

450 4444 496 4479 arv
508 4430 594 4479 numm
606 4423 680 4477 annis
692 4422 746 4475 dies
758 4422 838 4489 5108,
852 4422 931 4478 horae
942 4424 967 4479 4.
991 4424 1046 4478 lico
1061 4428 1185 4496 temporie
1196 4428 1280 4497 spatio
1292 4431 1394 4498 cyclum
1405 4428 1586 4485 constituebant

450 4511 479 4563 in
490 4527 541 4581 quo
552 4509 632 4563 aohua
643 4508 741 4562 lunaris
752 4505 943 4571 ἀπαναστάσεως
953 4510 1080 4563 rationem
1091 4509 1233 4578 habebant,
1250 4530 1297 4567 nec
1313 4514 1383 4569 illins
1397 4516 1530 4571 rah'ooinis
1539 4524 1586 4567 cum

451 4596 506 4648 sole
517 4595 710 4665 comparabant
727 4592 812 4657 Quare
822 4594 855 4647 de
866 4595 972 4660 nltirno,
984 4593 1033 4649 hoc
1044 4600 1084 4649 est
1094 4613 1147 4651 arv.
1157 4614 1224 4651 anno
1236 4600 1326 4665 solari,
1337 4606 1364 4653 et
1375 4601 1479 4671 quidem
1488 4598 1585 4672 madeo

452 4681 497 4749 qui
508 4688 548 4734 est
558 4678 780 4744 cocras-dierum,
792 4678 847 4733 dies
855 4681 970 4751 quinque
979 4686 1005 4733 et
1013 4680 1103 4735 horem
1111 4696 1188 4737 unarn
1198 4681 1377 4751 detrahebant3
1388 4676 1584 4759 proptereaqucl

450 4764 474 4817 si
485 4764 604 4818 exutos
616 4766 641 4821 4.
674 4764 788 4819 lulienos
799 4782 850 4819 aus
860 4766 973 4831 cainam,
989 4764 1104 4821 decimas
1122 4774 1228 4839 quartae
1244 4770 1298 4825 dice
1315 4768 1421 4827 habebit
1431 4786 1529 4837 occur,
1544 4778 1584 4823 uns

449 4846 513 4901 bora
523 4850 623 4916 mnas,
639 4866 692 4921 qno
703 4850 838 4907 interuallo
849 4852 953 4911 lunares
964 4853 1113 4909 neomenias
1125 4855 1227 4911 restitui
1236 4856 1383 4913 credebant.
1405 4856 1457 4911 Sed
1468 4856 1584 4921 haocrq·
