3650 5642
433 617 507 677 uxn

428 775 602 844 fabricaturas,
618 775 749 841 οοεοίοφοε
756 789 807 841 per
816 775 898 842 ipsus·
903 775 984 842 sacto
1001 779 1025 823 el
1034 774 1089 822 aire
1104 772 1160 841 ipso
1173 769 1238 822 nihil
1248 773 1404 840 rarefactam
1416 773 1570 834 οεαοθενορο

433 863 511 914 asotos
516 899 523 923 ,
536 875 569 912 os
579 859 827 912 mendace'asissorrcca
838 857 964 910 hominum
976 861 1023 908 etc.

501 943 532 998 N.
544 961 579 997 tv.
596 940 655 996 'Otr
666 941 774 1009 Μώῦαῇς
785 941 847 1012 πρθς
858 941 902 1009 την
913 939 1129 1010 σκληροκαρδίαν]
1145 939 1263 1005 Quonam
1272 945 1347 1011 paeto
1356 939 1444 993 Moses
1455 937 1480 990 id
1488 935 1572 990 ludaeis

433 1029 579 1100 permiserit
599 1033 627 1082 et
643 1033 769 1098 quatenus
786 1025 939 1081 christianis
962 1026 1101 1079 divortium
1121 1027 1206 1080 faeere
1227 1027 1313 1090 liceat,
1335 1026 1453 1096 pluribus
1473 1020 1574 1076 catholici

434 1116 586 1184 interpretes
603 1113 635 1166 ad
652 1111 744 1167 lietth.
759 1129 815 1168 arx.
832 1113 965 1184 disputare
987 1111 1085 1178 solent,
1109 1127 1219 1182 quornm
1239 1111 1438 1166 commentarios
1458 1105 1574 1162 consulere

434 1201 543 1270 quisque
554 1205 648 1270 potest

501 1285 587 1355 Δῶρον
598 1287 636 1356 τῷ
647 1283 717 1354 θεῷ]
740 1284 788 1338 Hic
803 1288 844 1337 est
855 1282 1023 1337 difficillimus
1035 1283 1078 1336 ille
1090 1299 1125 1336 ex
1136 1281 1261 1336 Matthaei
1272 1297 1303 1335 se
1314 1281 1395 1336 hisrei
1406 1279 1536 1350 evangelio
1545 1277 1576 1328 lo

435 1385 493 1435 cus,
509 1385 586 1440 quem
602 1387 650 1440 pro
671 1369 773 1423 diversa
788 1369 996 1440 interpunctione
1012 1370 1082 1422 varie
1098 1367 1250 1440 interpretes
1268 1373 1431 1439 acceperunt
1459 1363 1523 1419 Nam
1540 1367 1577 1414 aut

434 1455 541 1508 verbum
553 1453 680 1525 ὠφεληθῇς
692 1471 752 1507 cum
763 1454 974 1508 antecedentibus
986 1456 1121 1524 copulatur
1132 1453 1180 1506 hoc
1191 1454 1281 1506 modo:
1311 1455 1405 1524 Δῶρον,
1416 1449 1432 1503 θ
1443 1447 1483 1504 tis
1495 1447 1517 1509 il
1527 1447 1576 1516 ipsi

435 1539 573 1612 ὠφεληθῇς,
585 1540 654 1611 apud
665 1541 782 1593 Marcum
792 1555 867 1604 rero,
885 1536 981 1609 Ιίορβθν
994 1537 1019 1608 (θ
1031 1537 1081 1591 ίστι
1093 1540 1185 1610 δῶρον)
1196 1538 1211 1591 θ
1223 1537 1267 1591 ide
1275 1537 1300 1599 ἐξ
1311 1537 1371 1608 ίμοῦ
1386 1533 1522 1606 ὠφεληθῇςε
1541 1538 1579 1584 aut

314 1657 320 1670 ι
433 1627 501 1680 inter
518 1623 578 1696 ἐμοῦ
594 1633 621 1679 et
632 1624 759 1694 ὠφεληθῇς
776 1625 950 1678 distinctionis
965 1631 1028 1678 nota
1044 1626 1156 1694 ponitur.
1185 1624 1356 1678 Posteriorem
1373 1622 1441 1676 hanc
1455 1621 1579 1674 lectionem

434 1713 515 1782 vulgo
525 1709 618 1764 Graeci
631 1709 733 1764 codices
746 1708 843 1763 habent
858 1725 969 1780 eamque
980 1707 1088 1764 Latinus
1099 1711 1226 1781 interpres
1238 1711 1361 1780 sequitur.
1379 1707 1447 1761 Nam
1458 1707 1495 1760 ita
1504 1703 1578 1756 vertit:

435 1797 529 1850 Mesoa
540 1799 700 1867 qaodcunque
711 1805 749 1847 eet
758 1812 789 1847 cc
799 1813 849 1860 ms,
862 1797 909 1848 tlte·
917 1798 1044 1866 proderit,
1056 1795 1162 1866 perinde
1174 1811 1203 1849 ac
1216 1795 1239 1848 si
1249 1796 1286 1848 ita
1297 1795 1422 1864 scriptum
1434 1797 1513 1846 esset:
1524 1787 1537 1840 θ
1547 1785 1579 1838 iit

346 1883 408 1934 pro
434 1880 459 1943 ίξ
475 1879 535 1953 ίμοῦ
551 1877 582 1951 ῇ,
600 1879 735 1951 ὠφιληθῇς.
761 1879 955 1934 Existimabam
969 1881 1038 1934 enim
1056 1897 1085 1934 ac
1103 1898 1163 1952 pree
1179 1898 1207 1934 se
1222 1881 1340 1934 ferebant
1351 1895 1385 1932 ex
1394 1875 1579 1932 Pharisaeorum

433 1966 623 2038 discipliuafllii
633 1981 675 2029 se,
687 1981 746 2018 cum
757 1965 806 2018 deo
817 1966 915 2036 aliquid
926 1983 972 2037 pro
985 1983 1013 2020 se
1025 1983 1054 2019 eo
1066 1967 1216 2038 perentibus
1228 1967 1282 2020 auis
1296 1965 1429 2028 offerrent,
1441 1961 1539 2017 abunde
1549 1959 1581 2010 ol·

433 2052 493 2106 ficio
505 2069 553 2105 suo
565 2050 735 2116 ntisfeciese,
752 2067 837 2121 neque
853 2052 991 2122 quicquam
1008 2051 1149 2122 dependere
1165 2051 1276 2122 amplius
1292 2051 1392 2104 debere.
1419 2049 1471 2103 Sed
1481 2049 1580 2119 priorem

433 2137 584 2203 lectionem,
596 2153 662 2207 quae
671 2135 800 2208 ὠφεληθῇς
809 2137 984 2207 superioribus
994 2137 1121 2202 annectit,
1131 2135 1302 2207 Epiphanius,
1311 2135 1524 2203 chrysostomus,
1534 2131 1581 2184 alii·

434 2237 485 2293 que
498 2221 603 2288 Graeci,
619 2237 668 2275 nee
683 2225 741 2275 ueu'
752 2228 779 2275 et
790 2221 876 2292 ‚Syrus
888 2221 1068 2294 paraphrastes
1080 2223 1240 2292 exprimunt:
1258 2220 1416 2292 Epiphanius
1430 2219 1532 2290 quidem
1541 2217 1581 2269 in·

432 2308 535 2378 primis,
546 2324 607 2362 eum
617 2309 725 2361 verbum
737 2306 865 2377 ὠφεληθῇς
875 2309 980 2360 inserit:
994 2309 1074 2379 δῶρον
1085 2311 1123 2377 τῷ
1136 2307 1197 2377 θεῷ,
1213 2305 1228 2358 θ
1240 2303 1280 2358 ίθιν
1292 2305 1419 2376 ὠφεληθῇς
1431 2303 1457 2366 ἐξ
1468 2303 1534 2374 ἐμοῦ.
1549 2301 1582 2352 lta

433 2392 565 2464 Chrysost
576 2395 621 2447 lib.
632 2413 651 2447 r.
661 2394 690 2446 iu
700 2391 794 2448 Masi.
805 2392 893 2447 homil.
905 2392 1030 2446 declarat:
1049 2390 1191 2445 ίπαίδεοοαν
1203 2390 1259 2452 τοὺς
1274 2391 1340 2451 νέους
1352 2389 1472 2460 εὐσεβείας
1484 2388 1581 2459 σχήματι

433 2482 592 2550 καταφρονεῖν
602 2480 653 2530 τῶν
664 2477 783 2548 acccipere.
806 2477 862 2538 Ιθῶς
874 2477 914 2528 καλ
926 2477 971 2528 τίνι
982 2481 1082 2548 τρόπῳ,
1095 2476 1158 2538 Είιες
1170 2477 1270 2546 γονίων,
1283 2471 1341 2544 εἶπε,
1354 2481 1390 2546 τῷ
1402 2476 1479 2545 παιδί,
1492 2476 1537 2534 Δθς
1548 2489 1582 2542 μοι

433 2563 462 2616 τθ
473 2565 598 2634 πρόβατον
606 2568 680 2615 τοῦτο
688 2561 703 2614 θ
712 2560 782 2633 ίχεις,
791 2563 807 2628 d
816 2562 860 2614 riv
868 2563 974 2634 μόσχον,
986 2563 1001 2629 ἢ
1015 2559 1078 2615 ἄλλο
1089 2579 1112 2615 τι
1123 2567 1242 2630 τοιοῦτον,
1253 2557 1347 2632 ίλεχον,
1359 2563 1445 2632 septo
1458 2560 1508 2614 ίοτι
1518 2561 1582 2610 τοῦτο

432 2654 470 2720 τῷ
482 2650 543 2719 θεῷ,
558 2647 574 2701 θ
589 2647 664 2708 θίλιις
679 2646 704 2708 di
719 2646 780 2717 ίμοῦ
796 2646 964 2718 ὠφεληθῆναι,
981 2648 1020 2700 καλ
1037 2647 1066 2700 ori
1084 2649 1184 2700 δύνασαι
1195 2647 1287 2716 λαβεῖν.
1312 2648 1408 2700 Verum
1419 2647 1534 2701 solennis
1545 2645 1584 2696 ills

432 2741 551 2788 votorum
562 2733 682 2796 formula,
694 2749 774 2802 quam
785 2747 819 2786 ex
830 2735 1015 2804 magistrorum
1027 2734 1219 2787 commentariis
1232 2733 1264 2786 ed
1273 2749 1308 2786 vr.
1320 2732 1412 2786 iosuae
1422 2747 1481 2804 cap.
1492 2730 1583 2784 hlaeiua

432 2819 541 2891 profert,
552 2817 617 2872 milri
628 2818 773 2871 certissima
782 2818 892 2873 videtur.
915 2817 982 2872 Nam
994 2833 1054 2871 oum
1066 2819 1160 2888 aliquis
1172 2819 1241 2888 apud
1253 2819 1362 2872 alterum
1375 2835 1408 2871 ex
1419 2817 1469 2872 hac
1480 2815 1585 2872 termule

432 2903 735 2968 connumerandam
753 2909 871 2964 Rhi'ltl'l
889 2911 948 2965 nt:
966 2876 1011 2972 bh
1030 2907 1129 3042 ῇῧῆῇ,
1152 2903 1298 2957 Anaetica
1319 2913 1344 2956 et
1361 2921 1403 2957 res
1422 2907 1513 2956 der-otu
1533 2911 1583 2960 esto,

432 2991 552 3060 quiequid
561 2990 627 3041 iliad
636 2992 682 3052 aa‘t,
693 3007 740 3058 quo
752 3007 797 3057 ερο
809 2989 856 3040 tita'
863 3007 978 3058 ριοεοιιι,
996 3005 1028 3041 ne
1041 3005 1069 3041 as
1082 2990 1272 3042 arbitrabantur
1282 2990 1356 3043 illurn
1368 2989 1488 3043 beneficii
1498 3001 1583 3060 genere

432 3075 486 3129 ulio
496 3071 631 3146 prosequi,
645 3089 679 3128 ne
690 3080 824 3144 parentem
836 3074 941 3144 quidem
952 3075 1052 3145 ipsum,
1067 3089 1100 3127 ne
1113 3073 1180 3143 quod
1193 3074 1241 3128 deo
1253 3075 1351 3128 scilieet
1362 3075 1484 3128 devotum
1496 3079 1547 3136 est,
1561 3069 1583 3124 id

432 3160 554 3215 humanis
564 3160 708 3214 commodis
719 3160 822 3215 serviat
848 3159 918 3214 llaec
929 3160 1036 3215 Masius.
1064 3159 1133 3213 Saue
1145 3159 1248 3230 quidem
1260 3159 1441 3230 paraphrastes
1453 3161 1535 3230 Syrus
1546 3159 1583 3210 iis·

432 3246 492 3300 dem
503 3246 589 3300 verbis
600 3246 687 3300 locum
701 3246 776 3300 illum
791 3245 912 3312 reddidit,
930 3262 997 3316 quae
1013 3247 1082 3317 opud
1093 3245 1226 3300 Rabbinos
1237 3247 1366 3315 leguntur.
1392 3247 1425 3298 ht
1436 3245 1551 3314 Scaliger
1561 3243 1583 3294 in

431 3333 559 3387 virulento
570 3332 615 3386 ilio
623 3331 900 3386 Trihaereeiilileucho
909 3333 1049 3402 elliptioem
1058 3331 1179 3400 loquendi
1188 3331 1315 3384 rationem
1324 3332 1360 3384 ita
1368 3331 1484 3401 supplet:
1498 3331 1583 3398 Δῶρον,

431 3416 447 3470 θ
458 3416 498 3470 ido
510 3416 535 3479 ίξ
546 3415 607 3488 ἐμοῦ
618 3416 745 3487 ὠφεληθῇς
758 3415 835 3482 πάσης
848 3435 877 3487 με
889 3415 950 3485 ιιρθς
962 3417 989 3468 σὲ
1001 3420 1070 3485 τιμῆς
1083 3414 1211 3485 ἐλευθεροῖ.
1237 3415 1288 3468 Sed
1304 3415 1352 3468 hoo
1365 3433 1399 3468 ex
1410 3417 1532 3485 opinione
1543 3427 1585 3466 sus

432 3502 582 3566 confictum,
594 3519 647 3555 nou
658 3517 692 3555 ex
704 3508 793 3555 autore
805 3503 857 3554 ullo
870 3501 1061 3571 depromptum,
1076 3499 1227 3554 divinationi
1238 3517 1268 3554 sn
1280 3501 1441 3555 coniecturae
1452 3501 1539 3570 potins
1550 3503 1585 3550 est

432 3602 511 3656 quem
522 3594 608 3640 certae
619 3601 649 3638 ac
660 3585 772 3655 liquidae
782 3587 885 3639 veritati
898 3586 1071 3640 ffibueudum.
1099 3585 1230 3639 Postremo
1247 3587 1274 3639 in
1290 3585 1340 3640 hoc
1355 3586 1444 3640 eodem
1460 3583 1584 3655 evangelii

431 3672 488 3724 loco
500 3671 598 3742 ellipsis
610 3671 661 3722 alia
672 3670 811 3722 manifesta
822 3676 869 3723 est
888 3669 1031 3735 Nimirum,
1044 3670 1191 3741 quicunqne
1202 3670 1251 3724 hoe
1262 3672 1357 3725 dixerit
1367 3672 1434 3742 petri
1445 3687 1506 3736 suo,
1518 3669 1584 3724 nulla

432 3755 555 3809 adversm
566 3756 641 3808 illum
652 3755 810 3824 obligatione
819 3757 1019 3826 constringetur,
1030 3757 1072 3808 vel
1083 3756 1154 3809 nulls
1165 3773 1192 3809 re
1203 3757 1227 3810 ei
1239 3757 1424 3821 commodabit;
1437 3757 1507 3826 quod
1518 3771 1583 3810 num.

431 3859 468 3896 rr.
483 3840 640 3912 Epiphanius
650 3841 773 3894 insinuat.

498 3925 529 3980 N.
540 3943 566 3980 v.
577 3925 622 3995 Τῷ
634 3925 724 3996 χείρονι
740 3923 780 3976 καὶ
791 3923 834 3991 τὴν
846 3923 960 3993 ἀδικίαν]
976 3925 1045 3978 Fert.
1057 3931 1086 3997 τῇ
1098 3924 1186 3998 ἆθικίφ.

499 4007 545 4062 Ἔν
557 4027 583 4062 τε
593 4013 645 4072 τοῖς
657 4006 741 4071 ἄλλοις
753 4009 954 4081 καταριθμεῖται]
970 4011 1040 4064 Haec
1052 4012 1138 4066 minus
1150 4011 1269 4084 expedita
1280 4027 1310 4066 ac
1321 4013 1420 4083 liquida
1427 4011 1491 4066 mihi
1500 4013 1584 4066 riden-

431 4103 485 4162 tur3
496 4096 600 4149 morsui
610 4101 741 4166 utcunque
752 4095 908 4150 senteutiam
920 4097 1104 4166 expressimus.

499 4181 543 4242 Ὦς
559 4177 693 4251 ὠρισμίνης
710 4186 784 4234 τοῦτο
799 4179 910 4250 ἡμέρας]
936 4181 999 4252 Leg.
1011 4179 1043 4242 είς
1056 4185 1138 4234 τοῦτο.
1166 4183 1302 4238 Caeterum
1312 4184 1417 4240 videant
1430 4183 1507 4238 huius
1524 4191 1583 4236 lem·

431 4269 500 4338 poris
512 4265 646 4330 haeretici,
663 4281 803 4335 quemnam
819 4266 871 4320 sibi
885 4267 1085 4336 pervicacissimi
1098 4283 1129 4320 eo
1141 4269 1275 4322 vanissimi
1286 4271 1379 4324 erroris
1390 4271 1544 4339 magistrum
1556 4283 1583 4320 ac

430 4359 569 4423 patronum
580 4350 728 4416 asciverint,
745 4351 808 4404 dum
823 4352 921 4404 ieiunia
936 4352 1010 4404 etatis
1025 4354 1185 4423 temporibus
1199 4353 1295 4408 indicta
1306 4371 1336 4408 ao
1348 4361 1474 4409 certorum
1487 4354 1583 4408 dierum

430 4439 583 4509 religionem
593 4436 726 4490 damnent

497 4524 528 4577 N.
539 4541 586 4578 vrr.
603 4520 640 4574 Δι’
653 4517 745 4591 ὀλίγον
757 4519 869 4592 ιίρημίνα
880 4521 927 4575 οῦκ
937 4521 1066 4591 virdunen]
1081 4523 1151 4579 Fert.
1165 4521 1292 4594 ἐφθόνησα.

496 4607 528 4661 hl.
540 4627 597 4664 rm.
621 4606 667 4660 llal
684 4607 857 4677 Στησίχορον]
889 4607 1052 4662 Stesichorus
1069 4608 1201 4664 fabulosas
1219 4611 1324 4665 deorum
1341 4611 1475 4682 prosapias
1492 4609 1583 4664 deseri·

429 4700 529 4764 pserat,
540 4701 571 4748 ut
579 4695 644 4774 alibi
652 4693 749 4748 indicat
759 4693 927 4764 Epiphanius.

497 4777 528 4832 N.
540 4797 577 4834 rx.
600 4775 655 4832 stet
672 4777 699 4832 θθ
716 4772 787 4831 adrat
803 4779 937 4852 τέσσαρες]
976 4779 1092 4844 Quaiuor
1109 4781 1177 4851 apud
1194 4781 1325 4838 Hebraeos
1343 4781 1514 4853 Δεοτερώοεων
1531 4783 1582 4835 sive

430 4863 608 4919 'iraditicnum
623 4881 720 4935 genera
726 4871 868 4938 percenset
893 4867 1008 4920 Primum
1017 4873 1057 4921 est
1066 4867 1134 4938 qnod
1142 4867 1210 4924 licei
1217 4870 1373 4936 inscribitur,
1384 4869 1492 4924 alterum
1501 4867 1581 4922 eaesi
