3650 5642
1265 609 1401 667 OGXXXI

301 762 478 839 ’Baeeopiaac
490 766 517 820 ti
528 765 609 838 ιανιῷ
620 764 650 819 r'o
662 768 707 819 τοῦ
719 764 810 834 Μάνη]
826 764 896 819 Elias
906 765 934 819 in
944 764 1033 819 Thiebi
1045 766 1138 819 mhum
1151 782 1208 819 ease
1219 766 1319 831 scribit,
1332 766 1400 837 quod

233 870 295 905 cum
311 852 404 906 ludaei
418 858 501 944 ΓΜ
514 862 609 906 vocent
623 850 779 917 haereticos,
793 852 822 905 iu
840 850 999 905 Graecorum
1016 852 1208 905 commentariis
1225 850 1350 921 scriptum
1367 851 1401 904 sit

234 936 396 991 melicum
407 937 536 1008 quandam
547 937 678 1001 extitisse,
689 936 735 1007 qui
745 937 837 991 hiauea
849 936 982 1001 diceretur,
995 937 1102 1007 eiusque
1114 941 1254 991 sectatores
1265 940 1357 1025 pintan.

301 1018 353 1084 Ὃς
364 1022 407 1075 ael
418 1021 492 1083 airis
504 1021 594 1083 δοῦλος
605 1021 700 1093 ὑπῆρχε
712 1020 867 1089 ancarana]
902 1020 978 1075 Errat
989 1021 1077 1091 itaque
1088 1020 1277 1087 Theodoretus,
1289 1022 1333 1091 qui
1345 1022 1400 1075 hla-

235 1124 283 1161 asu
294 1124 361 1161 cum
372 1106 514 1177 Scythiano
525 1106 674 1171 confundit,
685 1112 715 1159 ιιι
725 1106 868 1171 etSuidas,
879 1122 940 1159 eum
952 1110 1024 1159 tanto
1037 1111 1097 1159 aute
1109 1105 1266 1175 Scythiauus
1278 1106 1400 1161 extiterit.

299 1190 335 1245 '0
348 1191 393 1263 pie
404 1187 436 1253 eir
447 1190 487 1245 iai
498 1190 540 1259 τὴν
549 1188 646 1259 suaa]
675 1191 733 1247 Lib.
743 1210 784 1247 mr.
800 1191 867 1262 Bag.
884 1208 942 1261 cap.
952 1208 996 1256 rx,
1012 1190 1053 1245 26.
1089 1190 1205 1245 Classem
1222 1208 1325 1261 quoque
1340 1191 1402 1245 lecit

236 1278 289 1331 Rex
300 1277 430 1331 Salomon
440 1279 470 1331 in
480 1277 663 1347 helea-gaber,
675 1293 743 1347 quae
754 1283 796 1331 est
806 1277 881 1331 iuxta
890 1275 985 1330 Aelath
995 1276 1023 1329 iu
1034 1276 1109 1329 litore
1121 1277 1200 1329 maria
1212 1276 1283 1329 rubri
1294 1277 1321 1329 iu
1333 1282 1402 1329 tarra

237 1362 384 1417 liamaeae.
401 1380 464 1419 aar.
481 1358 566 1431 luit,
577 1380 631 1417 nou
642 1360 731 1416 Αῐλών.
747 1361 873 1433 Iosephus
884 1362 995 1415 iiheiu.
1006 1376 1062 1432 cap.
1072 1380 1107 1417 νι.
1119 1361 1281 1431 esiongaber
1296 1362 1333 1415 ait
1348 1361 1397 1417 Be-

236 1449 339 1501 reuicen
356 1448 457 1513 vocari,
474 1446 544 1503 hautl
559 1448 650 1519 procul
664 1446 748 1501 Biana
763 1448 836 1502 urbe.
869 1446 922 1501 Sed
939 1445 1111 1501 hallucinatus
1129 1452 1181 1511 est,
1198 1453 1227 1499 ut
1244 1446 1343 1517 opinor,
1360 1446 1400 1500 lo-

235 1532 337 1603 sephns.
373 1532 441 1587 Nam
452 1533 626 1603 asiongaber
640 1533 668 1587 in
683 1532 807 1587 idumaea
820 1532 934 1603 ponitur.
968 1531 1092 1585 Berenice
1104 1547 1165 1585 uero
1181 1547 1196 1583 a
1209 1531 1356 1585 Ptolemaeo
1373 1533 1400 1585 ln

237 1618 319 1671 Africa
330 1618 405 1688 ipsa,
416 1619 495 1689 louge
505 1619 631 1689 superior,
643 1634 674 1671 ac
682 1616 839 1671 Thebaidem
852 1633 885 1669 ax
897 1616 1006 1670 adverso
1018 1616 1171 1687 respiciens,
1184 1616 1252 1685 quod
1264 1616 1401 1688 Epiphanii
1465 1642 1467 1647 ·

236 1702 403 1773 descriptioni
414 1704 547 1773 congruit,
558 1704 604 1773 qui
614 1702 756 1757 Berenicen
767 1702 872 1755 tertium
884 1701 966 1755 Rubri
976 1702 1055 1755 maria
1067 1706 1170 1771 portum
1183 1708 1324 1755 caramerat

298 1787 332 1841 N.
344 1807 375 1843 aa
399 1786 441 1848 Εἰς
453 1786 554 1858 Ὕψνλὴν
567 1786 658 1857 πόλιν]
682 1786 829 1857 Stephanus
840 1784 947 1857 Ὕψηλις
959 1786 1031 1857 κώμη
1043 1782 1174 1855 Αἰγύπτου.

299 1872 348 1925 liat
357 1872 458 1941 βίβλους
470 1872 609 1943 τέσσαρας]
626 1872 702 1943 Apud
714 1871 821 1925 Suidam
833 1890 859 1925 ιν
872 1871 996 1923 librorum
1008 1872 1117 1925 istorum
1129 1876 1204 1923 autor
1214 1870 1295 1923 luisse
1308 1871 1400 1925 dicitur
1425 1902 1446 1941 ρ,
1455 1888 1501 1931 eoa,

239 1956 423 2023 Terebinthus,
437 1958 494 2011 aire
511 1956 629 2023 Butldas,
646 1974 756 2027 qnorum
773 1958 852 2010 etiam
870 1955 933 2009 ordo
948 1956 1023 2009 aliter
1037 1956 1186 2009 instituitur.
1222 1954 1288 2009 Nam
1300 1956 1399 2027 primus

239 2044 433 2109 mysteriorum,
444 2042 574 2097 mundas
585 2042 728 2113 evangelli,
739 2043 831 2095 tertius
842 2040 972 2105 thesauri,
984 2044 1091 2110 quartus
1103 2042 1224 2111 capitum.

299 2128 332 2182 N.
343 2146 386 2183 aar.
409 2127 467 2198 Περὶ
479 2131 531 2189 τοῖς
542 2128 640 2197 χρόνοις
652 2129 701 2179 τῶν
713 2124 881 2194 ἀποστόλων]
917 2124 1057 2179 Commode
1073 2126 1143 2179 istud
1161 2126 1338 2196 accipiendum
1351 2132 1399 2190 est,

241 2221 265 2265 ot
274 2213 454 2283 apostolorum
465 2218 582 2284 tempora
591 2218 678 2276 vocet,
690 2228 757 2282 quae
768 2212 820 2265 illis
830 2212 953 2282 proxima
964 2218 1032 2265 aaut.
1049 2210 1116 2263 Nam
1128 2216 1157 2263 ιιι
1168 2212 1300 2280 apostolos
1308 2211 1399 2265 viderit

240 2296 393 2366 &ythianus
403 2314 569 2369 nequaquam
585 2297 714 2369 procedit,
731 2298 769 2350 uti
787 2302 878 2369 postea
893 2297 1035 2360 constabit,
1052 2312 1110 2349 cum
1128 2295 1159 2349 de
1175 2294 1319 2349 Manichaei
1335 2304 1399 2349 tem-

241 2398 296 2451 pore
306 2383 491 2455 disputabitur.

299 2466 332 2523 N.
344 2486 383 2521 xa.
405 2466 500 2538 ’lappa
511 2469 564 2528 πῶς
575 2465 600 2519 ἐν
612 2462 635 2538 ᾧ
646 2465 746 2537 [αυτῷ]
771 2466 842 2521 Gorr.
853 2464 933 2537 ἠρέμα
944 2468 1004 2526 πῶς·
1018 2462 1042 2517 ἐν
1055 2458 1077 2536 ᾧ
1089 2470 1137 2521 etc.

299 2552 331 2606 N.
343 2572 392 2607 arr.
416 2552 460 2605 Διὸ
472 2550 542 2605 αὐτοὶ
554 2550 577 2604 oi
588 2552 743 2623 Maetpaioa]
778 2552 850 2605 Verri
860 2556 961 2622 potest:
985 2550 1020 2603 Oh
1034 2552 1063 2603 id
1073 2550 1224 2603 Manichaei
1234 2569 1310 2621 super
1323 2570 1398 2604 arua·

242 2638 306 2691 aloes
316 2638 421 2693 uiuat.
450 2637 516 2691 Nam
528 2638 652 2691 Mactaris·
662 2646 800 2709 propterea
811 2636 885 2701 dicti,
899 2636 968 2706 quod
980 2636 1006 2689 iu
1019 2636 1106 2689 mattis
1120 2635 1267 2691 dormirent.
1291 2637 1359 2707 Aug.
1372 2656 1396 2691 v.

243 2738 293 2775 rora
303 2722 433 2775 Faustum
443 2721 558 2779 Manich.

299 2806 394 2879 Θωμᾶς
406 2806 433 2860 δι
449 2805 489 2859 iul
500 2805 543 2875 τὴν
554 2805 696 2875 Ἰουδαίαν]
731 2806 920 2877 corrigendum
936 2823 969 2859 ex
987 2805 1147 2860 Theodoreto
1165 2806 1244 2861 videri
1261 2808 1344 2879 possit
1360 2806 1398 2859 iai

243 2890 278 2957 τὴν
289 2890 387 2946 ’lotae
409 2892 476 2946 Nam
489 2899 518 2946 ut
528 2892 660 2947 Christum
671 2894 825 2957 imitaretur,
837 2892 1019 2963 cognominem
1032 2891 1101 2945 illius
1113 2893 1231 2963 apostolo
1244 2892 1399 2963 discipulum

243 2976 373 3031 iulndiam
381 2978 513 3047 allegarit.
533 2978 629 3033 Verum
638 2979 717 3031 etiam
726 2978 795 3031 iufra
806 2996 911 3031 narra·
922 2976 1049 3033 Thomsm
1061 2978 1140 3031 iatum
1152 2976 1398 3049 pseudoapostolum

243 3060 377 3131 iuSpriam
388 3062 544 3116 destinatum
555 3063 652 3119 scribit.
1025 3046 1032 3067 ⁸

301 3142 392 3217 Ἔλιγι
404 3145 434 3214 δὴ
446 3145 532 3201 iaua'oe
543 3145 558 3199 i
570 3146 674 3215 iliona]
695 3148 752 3201 lmo
765 3153 792 3201 et
802 3146 933 3199 Christum
946 3148 1060 3217 seipsum
1073 3164 1129 3201 esse
1141 3148 1215 3200 dixit
1239 3146 1364 3201 Theodor.

301 3230 332 3287 N.
344 3250 391 3285 ar.
413 3229 530 3301 Ἰάκωβος
542 3232 609 3303 ξύλῳ
621 3231 741 3303 πληγάς]
775 3232 1070 3299 Hierosolymitauorum
1088 3232 1233 3285 antistitum
1245 3230 1397 3302 cathalogus

244 3314 286 3367 iste
295 3334 328 3370 aa
338 3317 446 3371 Busehii
458 3316 585 3371 Chronico
596 3324 623 3369 et
633 3317 747 3370 Historia
757 3316 902 3386 descriptus
913 3320 966 3379 ast,
979 3332 1056 3385 quem
1069 3320 1094 3368 et
1107 3316 1309 3371 Alexandrinum
1319 3315 1398 3370 Chro-

245 3400 311 3453 nicou
322 3408 349 3456 et
358 3402 497 3473 Nicephori
509 3402 615 3473 perinde
626 3400 772 3457 Chronicou
784 3400 899 3455 exhibet
934 3400 974 3453 Ex
987 3400 1081 3469 quibua
1094 3400 1228 3467 omuibus,
1245 3400 1295 3455 hoc
1312 3408 1397 3455 estex

245 3480 388 3539 Eusebiauis
407 3486 523 3541 {ontibus
545 3486 721 3542 emendandus
741 3492 783 3539 est
802 3484 941 3556 Bpiphauii
956 3484 1110 3551 laterculus,
1128 3486 1200 3539 uelut
1216 3482 1276 3539 c'um
1293 3486 1398 3541 tertium

246 3577 355 3624 numerat
364 3572 469 3636 ludam,
482 3572 526 3643 qui
538 3572 570 3625 ab
582 3571 694 3625 Busehio
706 3576 733 3625 et
744 3571 851 3625 caeteris
863 3570 950 3625 Iustua
963 3572 1115 3641 appellatur.
1137 3570 1202 3624 llam
1214 3590 1249 3625 ιν.
1261 3572 1397 3626 Zachariae

246 3654 273 3705 ab
287 3654 429 3728 Bpiphanio
446 3657 479 3709 ab
496 3658 553 3710 aliis
570 3654 703 3709 Zachaeus
719 3661 835 3709 vocatur.
868 3655 937 3709 Sunt
956 3662 982 3709 et
1002 3656 1053 3709 alia
1069 3656 1197 3727 quaedam
1213 3658 1318 3711 innota
1333 3664 1397 3711 tem·

247 3754 327 3807 porum
340 3742 374 3795 ab
383 3740 540 3812 Epiphanio,
550 3742 593 3794 vel
603 3740 690 3813 potios
702 3757 718 3794 a
729 3741 847 3805 librario,
859 3741 1013 3807 commissa,
1025 3758 1092 3812 quaa
1104 3748 1132 3797 ut
1144 3744 1288 3797 accuratius
1301 3743 1397 3814 diequi-

247 3832 332 3881 rantnr.
354 3826 469 3880 Primum
486 3843 501 3879 e
516 3824 661 3897 Nicephoro
679 3826 789 3880 eandem
804 3826 879 3879 illum
890 3827 1040 3897 catalogum
1052 3844 1111 3881 cunr
1124 3828 1286 3898 singulorum
1298 3830 1397 3883 antisti·

248 3912 293 3961 tan
304 3912 377 3965 annis
389 3912 580 3976 exscribamus,
591 3916 621 3963 ut
632 3916 659 3965 et
670 3910 844 3981 Nicephorum
855 3911 945 3965 eadem
958 3928 1036 3981 opera
1047 3914 1214 3983 castigemus.

401 4114 580 4169 mulceatis
597 4113 995 4169 meosourmaraoauaa
1012 4114 1229 4170 ANTISTITUBL

731 4284 898 4355 Episcopi.

613 4437 722 4491 lacobus
739 4436 845 4492 Domini
860 4438 950 4491 Frater

613 4522 746 4592 Symaeou
763 4522 892 4594 cleophae
908 4520 937 4576 l.

612 4608 701 4661 laetus

613 4689 751 4747 Zachariae
792 4730 798 4739 ·

613 4778 708 4831 Tobiae

613 4862 751 4917 Beniamin
