3650 5642
577 629 1057 684 ‹mmmnmpmo
1393 611 1414 678 9

255 749 420 804 euetetlioen.
455 753 493 803 Et
508 750 562 802 aliie
576 751 739 818 eoriptoribue
754 750 822 803 conf.
840 753 1033 804 Pauor-crem.
1047 751 1123 802 Hom.
1139 751 1183 811 Vl,
1199 745 1223 802 6.
1257 752 1334 802 Herm.
1351 751 1414 801 Trit-

257 853 324 901 ταις.
337 855 360 905 p.
374 836 416 889 92.
433 837 473 888 ed.
489 837 599 888 Tomeb.
622 834 652 891 τί
675 837 724 890 τᾶν
741 831 835 895 ὕδατος
849 836 894 890 καλ
909 837 961 904 γῆς
975 835 1020 889 καὶ
1034 831 1108 903 οἰέρος
1123 834 1161 888 κύ
1171 853 1228 897 τος
1246 834 1332 904 (κῦτος
1348 833 1413 887 male

257 924 378 984 Μελ).
401 937 467 991 quae
483 921 590 973 totidem
610 922 690 973 rerbie
712 922 737 973 io
761 921 864 989 dialogo
880 925 1007 984 Hermippo
1022 921 1062 971 ed.
1078 921 1163 972 Bloch.
1184 939 1210 988 p.
1224 920 1265 972 22.
1282 918 1414 986 reperiun-

257 1018 311 1058 ter.
341 1010 423 1071 syna.
439 1009 530 1076 llymn.
548 1007 624 1060 167.
640 1004 717 1073 (νόος)
733 1005 834 1066 κύτος
849 1001 960 1073 οὐρανῶν
975 1005 1077 1059 λλίσστι.
1101 1007 1143 1058 lv.
1161 1005 1214 1058 156.
1229 1021 1265 1073 aq.
1290 1000 1414 1064 κύτεος

257 1091 370 1160 μεγάλου
385 1093 515 1163 Ιβριαραίς
534 1091 622 1152 δίναις.
639 1094 680 1142 tv.
698 1091 753 1146 167.
767 1109 805 1160 eq.
822 1121 857 1132 —
887 1087 1033 1160 ὐμφεθέωνΙ
1059 1090 1163 1153 κύτος
1187 1084 1306 1158 οὐράνιον.
1341 1091 1414 1142 Ρλυτε

256 1177 331 1228 dabit
345 1182 430 1230 Fronto
444 1182 553 1229 θεοσουε
567 1177 599 1228 ad
614 1181 702 1230 Ιτεαατ.
720 1178 751 1229 T.
768 1179 799 1228 ll.
817 1195 842 1245 p.
854 1177 913 1229 213.
928 1181 949 1229 b.
969 1177 1009 1228 ed.
1028 1178 1144 1228 Μεεευοε.
1180 1177 1253 1244 Apud
1268 1174 1413 1245 posterioria

256 1261 349 1313 aetatie
362 1264 498 1332 eoriptoree
515 1260 591 1324 κύτος
605 1273 631 1314 et
645 1260 738 1323 πλάτος
752 1279 891 1332 synonyma
910 1271 975 1314 eunt.
1012 1262 1068 1314 vid.
1083 1265 1220 1314 Βσίετσαοα.
1237 1261 1269 1313 ed
1285 1264 1413 1314 Herodian.

256 1347 369 1417 Rpimer.
386 1348 467 1418 pto.

329 1435 407 1488 Mo.
433 1435 529 1501 oripo
554 1432 592 1490 δλ
615 1429 722 1488 αὐτοῦ
747 1431 785 1488 τὸ
808 1434 871 1488 πᾶν
888 1468 913 1485 ..
934 1432 992 1486 καλ
1016 1428 1326 1501 ὐφθαλμούςτούς
1343 1449 1413 1500 φω-

256 1521 411 1589 στῆρας]
437 1520 548 1571 Eandem
573 1519 607 1570 de
628 1519 750 1571 rideriboe
777 1519 945 1579 sententiam,
973 1518 1103 1587 repetitam
1129 1518 1153 1568 in
1179 1517 1304 1584 Anaoeph.
1326 1519 1358 1568 T.
1372 1518 1413 1568 ΙΙΙ.

256 1622 283 1673 p.
304 1603 356 1658 546
380 1605 473 1672 (132),
499 1608 615 1669 Ερίρλαα.
640 1623 664 1672 p.
685 1605 718 1656 50
738 1602 795 1671 (14)
819 1607 984 1668 Pptoporete,
1011 1603 1132 1655 incertum
1149 1619 1199 1672 quo
1218 1602 1287 1667 iure,
1318 1600 1414 1652 tribuit.

256 1689 344 1741 Indiae
358 1690 408 1741 boe
421 1707 452 1741 ex
466 1707 557 1758 genere
574 1691 646 1740 attoli
662 1689 792 1740 Animedr.
807 1690 833 1739 in
850 1693 875 1741 S.
889 1693 963 1741 Borll.
979 1693 1011 1740 ll.
1029 1691 1047 1739 1.
1066 1705 1089 1756 ρ.
1105 1687 1146 1741 12.
1182 1685 1338 1754 interpositio
1352 1703 1412 1737 ver·

255 1774 294 1825 bie
315 1771 351 1836 eit
364 1775 428 1844 Μν
441 1776 574 1844 respicitur
590 1793 681 1826 nomen
700 1771 791 1834 αὐτος,
808 1775 834 1824 in
850 1773 970 1842 proximis
987 1793 1016 1825 ea
1034 1792 1082 1843 qua
1100 1773 1150 1824 dixi
1168 1772 1191 1824 ri
1209 1771 1327 1840 μετίεσαν.

326 1839 471 1929 ptlrt).
504 1855 583 1930 ἄχρι
607 1855 1019 1929 τούτὶμετέραυχρύνου,
1045 1857 1206 1914 τουτέστι
1225 1855 1412 1928 βασιλείας

257 1940 562 2000 Οὐαλεντινιανοῦ
588 1944 649 1999 καλ
670 1939 869 2004 Οὐάλεντος
893 1943 1090 1999 ἑνδεκάτου
1116 1943 1218 2004 έτους
1241 1942 1299 1996 καλ
1323 1942 1412 2009 Γρα-

257 2031 401 2098 τιανού]
429 2026 633 2085 Οὐαλεντινιανοῦ
659 2031 714 2082 eod.
733 2031 812 2089 veo..
838 2029 896 2080 edd.
912 2029 984 2080 Basil.
1002 2040 1028 2080 et
1045 2032 1097 2081 Pet.
1117 2023 1281 2082 Οὐαλευτινοῡ
1301 2029 1341 2080 ed.
1358 2031 1411 2080 Pet.

257 2115 347 2166 Goion.
381 2121 474 2169 ,έτεέίαο
487 2117 512 2166 in
527 2133 603 2185 marg.
619 2117 658 2168 ed.
679 2118 731 2166 Bao
752 2108 862 2184 ἱβδόμου
883 2125 942 2183 ροσε
967 2115 1105 2181 romono
1122 2114 1226 2164 addidit.
1264 2114 1337 2166 conl.
1355 2115 1412 2178 Epi·

254 2203 375 2264 oboram
392 2204 422 2252 ll.
440 2219 465 2270 p.
477 2199 528 2254 434
544 2201 617 2265 (636)
637 2200 687 2261 έως
703 2201 748 2254 τού
763 2198 898 2267 παρόντος,
917 2199 1043 2253 τουτέστιν
1056 2194 1197 2261 Οὐάλεντος
1216 2198 1261 2268 μὲν
1281 2199 1352 2260 έτσυς
1369 2195 1410 2267 ιγ’.

256 2284 281 2337 Γ
280 2287 396 2352 ρατιανού
411 2285 442 2341 δέ
458 2285 529 2348 έτους
547 2283 580 2347 θ’,
599 2281 804 2340 Οὐαλεντινιανού
819 2284 849 2340 δέ
864 2284 986 2352 νεωτέρου
1002 2283 1073 2346 έτσυς
1087 2281 1118 2338 α’.
1154 2287 1221 2336 idem
1238 2295 1319 2335 tamen
1336 2287 1367 2337 Τ.
1381 2285 1412 2338 ll.

255 2386 280 2436 p.
299 2369 332 2422 16
348 2369 422 2438 (tol)
446 2371 497 2432 ἕως
519 2374 563 2425 τοῦ
585 2368 711 2438 η’μετέρσυ
734 2368 824 2441 χρόνου
831 2410 840 2438 ,
867 2369 1014 2426 δωδεκάτου
1039 2369 1109 2432 έτους
1133 2365 1338 2426 Οὐαλεντινιανοῦ
1368 2369 1413 2426 καλ

256 2451 397 2516 Οὐάλεντος
414 2455 459 2509 καλ
475 2455 614 2523 Γρατιανοῦ
633 2455 770 2526 βασιλείοις.

323 2541 351 2591 Ρ.
366 2543 401 2592 ‘lo
418 2541 469 2609 (3).
502 2541 756 2609 Νίκανδρος..
782 2539 797 2596 α’
823 2539 1071 2610 συγγραφεύς]
1100 2541 1217 2592 Νοτααιίε
1234 2559 1282 2591 vox
1299 2557 1411 2609 συγγρα-

256 2622 328 2692 peric,
346 2625 378 2675 de
393 2631 470 2694 po'eta
486 2637 612 2694 usurpate.
649 2627 722 2680 coni.
736 2629 853 2691 Epipbon.
870 2645 894 2695 p.
903 2625 937 2678 26
951 2631 991 2694 (2)
1007 2627 1030 2681 ol
1048 2664 1074 2679 ..
1091 2629 1142 2680 τῶν
1157 2623 1286 2695 Ἑλλήνων
1304 2643 1411 2694 συγγρα·

255 2715 327 2775 σείς,
345 2711 448 2777 ποιηταί
461 2729 489 2764 τε
502 2711 547 2765 καί
561 2711 719 2780 λογογράφου
752 2711 809 2763 vid.
826 2715 854 2762 ,1.
870 2715 960 2764 Ετατοέ.
975 2715 1064 2779 Ορυια.
1076 2715 1133 2763 Ver.
1153 2715 1252 2780 Argum.
1268 2729 1293 2779 p.
1307 2709 1332 2763 9.

322 2795 398 2848 ml
416 2796 484 2863 (11).
509 2789 674 2864 ἧταντός
696 2799 754 2852 τσύ
777 2793 956 2865 ὁρωμένου
981 2795 1110 2860 κύτους
1211 2793 1255 2860 ῶς
1280 2794 1313 2850 έν
1341 2792 1409 2850 σύ-

256 2897 339 2945 ματι
363 2879 495 2950 ψυχήν]
520 2881 578 2932 vid.
593 2893 678 2932 annot.
695 2883 727 2932 ad
750 2901 776 2951 p.
792 2883 833 2935 20.
850 2880 894 2937 τόν
911 2919 940 2933 ..
959 2881 1018 2938 {leit
1036 2919 1063 2934 ·.
1082 2880 1193 2950 ὁρίζουσι
1210 2891 1260 2940 σεε.

322 2964 399 3018 Ml
426 2967 493 3034 (12).
525 2967 726 3033 Μερίζουσι
749 2966 786 3022 δὲ
811 2969 843 3021 σί
868 2962 970 3022 αὐτοί
995 2966 1056 3034 τήν
1081 2969 1160 3036 μίαν
1184 2967 1337 3035 θείτητα
1361 2967 1432 3028 είς.
1496 2961 1500 2969 ’

254 3051 384 3112 πολλᾶς
409 3048 560 3119 μερικσίς
585 3047 718 3119 οὐσίας]
745 3053 801 3104 Vid.
819 3053 949 3104 Animadv.
973 3054 998 3103 in
1017 3057 1043 3105 S.
1059 3057 1131 3105 Boeil.
1149 3057 1168 3104 Ι.
1186 3071 1211 3122 p.
1228 3053 1282 3106 127.
1298 3063 1324 3104 et
1340 3053 1409 3106 σοιτί.

254 3137 372 3199 torpore
389 3137 420 3188 T.
436 3137 481 3187 ΙΙΙ.
499 3155 524 3205 p.
539 3135 679 3203 2016220)
697 3133 712 3192 <i
730 3173 736 3186 ·
753 3176 759 3189 .
777 3135 900 3206 μεριστῆς
916 3140 967 3192 τῶν
984 3133 1139 3204 ἀδιαιρέτων.

321 3225 349 3275 Ρ.
366 3219 453 3274 ‘ibib
473 3219 537 3289 (12).
565 3223 832 3291 μεταγγιομούς
854 3240 891 3276 τε
908 3225 1025 3292 ψυχῶν
1050 3223 1109 3276 καλ
1128 3222 1410 3290 μετενσωματῶ-

256 3321 331 3367 σεις
358 3302 425 3361 οίττό
453 3305 617 3375 σώματος
646 3307 698 3369 εἰς
724 3309 838 3376 σῶμα,
873 3307 1139 3375 καθαιρομένας
1168 3304 1360 3376 σωμάτων,
1388 3299 1409 3376 ἦ·

255 3382 451 3446 δἀὐττιίλιν
469 3391 685 3454 είςδυούσας
710 3393 771 3447 καὶ
788 3390 962 3447 α’ναὶτταλιν
986 3393 1229 3461 γεννωμένας.)
1249 3393 1409 3444 llaecverbe

255 3493 307 3527 cum
328 3477 493 3545 praegressis:
518 3478 694 3545 μερίζουσι..
713 3478 781 3532 ,καί
804 3476 837 3533 τῶ
860 3472 939 3541 ἄλλα,
966 3497 1016 3530 oon
1041 3479 1190 3544 cohaerent,
1207 3495 1287 3547 neque
1307 3479 1408 3542 hebent,

255 3577 302 3626 quo
314 3561 465 3613 reserantur.
500 3563 635 3625 Nimirum,
654 3565 752 3616 sublato
766 3575 821 3633 post
835 3563 992 3632 γεννωμένας
1006 3576 1110 3634 puncto,
1127 3565 1188 3616 boec
1203 3565 1285 3616 omnia
1299 3564 1331 3615 ed
1346 3581 1408 3631 παρ·

254 3647 385 3712 υφαίνσυσι
398 3647 519 3699 trahenda
535 3659 609 3715 eunt,
632 3649 667 3699 ita
685 3650 800 3718 quidem,
827 3660 854 3700 ot
869 3649 933 3700 ieta:
959 3647 1054 3717 ταύτην
1067 3647 1114 3717 τήν
1130 3645 1264 3720 οόέβειαν,
1290 3662 1409 3724 tanquan}

253 3747 295 3796 per
308 3732 494 3800 appositionem
511 3735 673 3802 negligentior
687 3735 784 3786 adiecta
800 3735 915 3802 accipiat.
943 3735 979 3786 Ad
997 3735 1039 3786 illa
1052 3747 1150 3787 aulem:
1168 3735 1353 3803 καθαιρομένας

253 3818 422 3885 γεννωμένας,
441 3836 471 3868 ex
488 3821 577 3889 ψυχῶν
590 3831 677 3890 repete
694 3819 785 3890 ψυχάς.
820 3819 874 3873 Καί
888 3821 1074 3889 καθαιρομένας
1094 3822 1125 3873 cl.
1144 3821 1225 3872 editor
1246 3821 1409 3890 probabiliter

254 3903 366 3954 coniecit.
403 3903 472 3953 ldem
486 3921 533 3970 pro
553 3905 620 3971 vulg.
636 3902 657 3971 η’
671 3902 696 3960 δ’
704 3897 738 3959 αὐ
752 3905 825 3961 πάλιν
841 3915 909 3956 recte
927 3906 962 3956 ita
979 3907 1093 3974 eoripsit:
1111 3903 1130 3972 ἦ
1148 3903 1172 3962 δ’
1189 3896 1223 3962 αὐ
1238 3903 1319 3968 πάλιν,
1337 3907 1409 3958 sicuti

254 3983 344 4038 dodum
362 3988 424 4038 lecit
440 3991 524 4039 Gotolt.
539 3989 571 4039 ad
585 3993 617 4040 ll.
637 3998 720 4042 Aulon.
739 3993 779 4052 tv,
789 3992 829 4042 21.
867 3993 904 4041 lle
920 3991 1027 4042 formula
1044 3985 1063 4058 ἦ
1083 3987 1107 4046 δ’
1115 3983 1149 4046 αὐ
1164 3991 1235 4048 πάλιν
1249 4005 1350 4060 praeter
1367 3993 1407 4043 lo-

254 4087 306 4121 cum
323 4071 357 4123 ab
373 4075 470 4126 orotm
485 4086 655 4142 comparatum
674 4077 747 4128 llaer.
764 4074 806 4143 46,
826 4078 847 4127 1.
863 4077 882 4126 i.
909 4075 1017 4144 (p.705.
1036 4075 1106 4127 Oehl.
1126 4095 1150 4144 p.
1168 4077 1226 4130 368.
1247 4079 1314 4138 Pet.)
1339 4079 1408 4130 σοιτί.

253 4149 1408 4229 pmmmfflfflffidfflmmmffidffimmwdmo

254 4239 320 4291 Oebl.
356 4243 473 4294 Fortasse
487 4255 570 4295 temen
587 4245 650 4307 erit,
675 4247 715 4315 qui
736 4247 861 4314 politioem
875 4263 964 4298 vocem
981 4241 1032 4312 rp'bl
1048 4248 1181 4310 Epiphanio
1197 4247 1331 4298 condonet.
1350 4247 1406 4298 Vid.

254 4337 336 4379 annot.
353 4327 380 4378 in
397 4330 428 4382 T.
446 4331 476 4379 ll.
493 4346 519 4395 p.
531 4329 583 4382 652
598 4329 680 4399 (764).
716 4331 829 4382 Ceterum
848 4329 1090 4399 μετενσωμᾶτωσιν,
1109 4333 1176 4396 eive,
1195 4332 1261 4401 quod
1276 4332 1343 4382 idem
1360 4349 1407 4382 va·

254 4405 300 4471 let,
320 4411 493 4480 μεταγγισμίν
511 4413 662 4477 ααίαιατααι,
690 4416 722 4467 de
742 4435 792 4486 quo
809 4417 858 4467 vid
874 4429 960 4468 annot.
979 4417 1011 4466 ad
1028 4435 1052 4484 p.
1064 4417 1112 4480 20,
1131 4419 1224 4468 Noster
1240 4435 1295 4468 eum
1313 4421 1338 4470 S.
1347 4421 1407 4483 Βίρ-

235 4495 327 4558 ὀοέμέσ
344 4499 488 4566 Ρλτὶλοοορίε.
505 4517 529 4567 p.
541 4499 597 4554 146.
617 4502 658 4552 ed.
675 4503 758 4553 Wolf.
778 4521 803 4570 p.
817 4501 859 4566 26,
876 4499 916 4555 41.
935 4501 974 4552 ed.
992 4501 1082 4554 Miller.
1108 4505 1193 4554 Stoicis
1215 4503 1317 4569 tribuit,
1341 4504 1407 4556 haud

254 4591 309 4631 tane
327 4583 424 4651 optimo
441 4583 502 4635 iure.
537 4586 594 4637 vid.
613 4589 699 4638 Galalt.
715 4589 733 4638 l.
745 4607 766 4638 c.

317 4669 344 4718 Ρ.
363 4666 397 4721 lo
414 4669 480 4735 (12).
507 4670 587 4738 περὶ
614 4665 652 4726 οὐ
675 4672 779 4735 ττολύς
803 4675 990 4742 θρυλεῖται
1015 4669 1130 4742 λόγος]
1150 4675 1330 4740 Θρυλεῖταισλ.
1350 4675 1406 4728 edi-

256 4755 294 4798 tor
308 4753 442 4804 seeundum
460 4754 538 4806 libror
555 4759 663 4825 scriptos
681 4771 707 4809 et
724 4759 765 4809 ed.
786 4761 856 4820 διες
887 4761 1015 4826 θρυλεῖται
1035 4759 1102 4810 idem
1122 4763 1152 4812 T.
1168 4763 1197 4810 ll.
1223 4777 1248 4828 p.
1264 4759 1312 4814 166
1329 4759 1405 4832 (189)

256 4831 294 4884 nbi
307 4839 388 4894 Ρεέσο.
403 4839 554 4908 θρυλλτῖταο
587 4841 787 4917 Πολυθρύλητος
799 4843 857 4897 loeo
873 4843 968 4916 vulgati
988 4844 1190 4917 τολυθρύλλητσς
1212 4863 1242 4900 ex
1257 4845 1327 4904 libri·
1342 4847 1405 4904 nco·
